=LDR  01650nam a2200373 i 4500
=001  ocm03967589
=003  NNU
=005  20150921025332.0
=008  150615s2010\\\\iq\\\\\\\\\\\\000\0\ara\d
=040  \\$aCUY$beng$erda$cCUY
=066  \\$c(3
=035  \\$a(OCoLC)911047421
=043  \\$aa-iq---
=050  \4$aHV9785$b.M883 2010
=049  \\$aZYUU
=100  1\$6880-01$aMuṭayyir, Jāsim,$eauthor.
=245  13$6880-02$aal-Hurūb min nafaq muḍiʼ :$bqiṣṣat hurūb sujanāʼ siyāsīyīn min sijn al-Ḥillah al-Markazī ʻāmm 1967 /$cJāsim al-Muṭayyir.
=246  3\$aHurūb min nafaqin muḍiʼ
=250  \\$6880-03$aal-Ṭabʻah al-ūlá.
=264  \1$6880-04$a[Baghdad?] :$bDār al-Rūwād al-Muzdahirah lil-Ṭibāʻah wa-al-Nashr,$c2010.
=300  \\$a208 pages ;$c24 cm
=336  \\$atext$btxt$2rdacontent
=337  \\$aunmediated$bn$2rdamedia
=338  \\$avolume$bnc$2rdacarrier
=650  \0$aPolitical prisoners$zIraq.
=650  \0$aPolitical prisoners$zIraq$vPersonal narratives.
=610  20$6880-05$aḤizb al-Shuyūʻī al-ʻIrāqī.
=852  0\$aNNU$bBOBST$cMAIN$hHV9785$i.M883 2010$p31142056395851
=880  1\$6100-01/(3/r$aمطير، جاسم،$eمؤلف.
=880  12$6245-02/(3/r$aالهروب من نفق مضئ :$bقصة هروب سجناء سياسيين من سجن الحلة المركزي عام 1967 /$cجاسم المطير.
=880  \\$6250-03/(3/r$aالطبعة الأولى.
=880  \1$6264-04/(3/r$a[بغداد؟] :$bدار الرواد المزدهرة للطباعة والنشر،$c2010.
=880  20$6610-05/(3/r$aحزب الشيوعي العراقي.
=994  \\$aC0$bN/A

