=LDR  01838cam a2200373 i 4500
=001  ocm04003825
=003  NNU
=005  20150921025332.0
=008  150106s2011\\\\iq\\\\\\\\\\\\000\0aara\\
=010  \\$a  2013339755
=040  \\$aDLC$beng$erda$cDLC$dHLS
=066  \\$c(3
=035  \\$a(OCoLC)899948131
=042  \\$apcc$alcode
=043  \\$aa-sy---
=050  \4$aDS98.13.B37$bA5 2011
=049  \\$aZYUU
=100  1\$6880-01$aBarāzī, Ḥusnī Bik,$d1895-1975.
=245  10$6880-02$aMudhakkirāt dawlat al-raʼīs Ḥusnī Bik al-Barāzī :$braʼīs al-wuzarāʼ al-Sūrī al-asbaq, 1895-1975 /$cmurājaʻah wa-hawāmish ʻAlī Ṣāliḥ al-Mīrānī ; taqdīm al-duktūr ʻAbd al-Fattāḥ ʻAlī al-Būtānī.
=264  \1$6880-03$aIrbīl :$bal-Akādīmīyah al-Kurdīyah,$c2011.
=300  \\$a127 pages ;$c24 cm.
=336  \\$atext$btxt$2rdacontent
=337  \\$aunmediated$bn$2rdamedia
=338  \\$avolume$bnc$2rdacarrier
=520  \\$aBarāzī, Ḥusnī Bik, 1895-1975; Syria; prime ministers; interviews.
=600  10$6880-04$aBarāzī, Ḥusnī Bik,$d1895-1975$vInterviews.
=650  \0$aPrime ministers$zSyria$vInterviews.
=651  \0$aSyria$xPolitics and government$y20th century.
=852  0\$aNNU$bBOBST$cMAIN$hDS98.13.B37$iA5 2011$p31142056394706
=880  1\$6100-01/(3/r$aبرازي، حسني بك.
=880  10$6245-02/(3/r$aمذكرات دولة الرئيس حسني بك البرازي :$bرئيس الوزراء الأسبق، ١٨٩٥-١٩٧٥ /$cمراجعة وهوامش علي صالح الميراني ؛ تقديم الدكتور عبد الفتاح علي البوتاني.
=880  \1$6264-03/(3/r$aإربيل :$bالأكاديمية الكردية،$c2011.
=880  10$6600-04/(3/r$aبرازي، حسني بك،$d1895-1975$vInterviews.
=994  \\$aC0$bN/A

