=LDR  01337cam a2200397 i 4500
=001  ocm04116982
=003  NNU
=005  20150921123530.0
=008  110414s2014\\\\mr\\\\\\\\\\\\000\p\ara\c
=040  \\$aHLS$beng$erda$cHLS$dYUS$dOSU
=066  \\$c(3
=020  \\$a9789954329955
=020  \\$a9954329951
=035  \\$a(OCoLC)882196238
=042  \\$apcc
=050  \4$aPJ7942.H3957$bT33 2013
=049  \\$aZYUU
=100  1\$6880-01$aKhayrah, Ḥasan,$eauthor.
=245  10$6880-02$aTafadfīdah :$bdīwān zajal /$cḤasan Khayrah.
=246  30$6880-03$aTfadfīdah
=250  \\$6880-04$aal-Ṭabʻah al-ūlá.
=264  \1$6880-05$aal-Qunayṭirah :$bal-Maṭbaʻah al-Sarīʻah,$c2013.
=300  \\$a171 pages ;$c21 cm
=336  \\$atext$btxt$2rdacontent
=337  \\$aunmediated$bn$2rdamedia
=338  \\$avolume$bnc$2rdacarrier
=500  \\$aPoems.
=546  \\$aIn Moroccan Arabic.
=752  \\$aMorocco$dKenitra.
=852  0\$aNNU$bBOBST$cMAIN$hPJ7942.H3957$iT33 2013$p31142056344958
=880  1\$6100-01/(3/r$aخيرة، حسن.
=880  10$6245-02/(3/r$aتفدفيدة :$bديوان زجل /$cحسن خيرة.
=880  30$6246-03/(3/r$aتفدفيدة
=880  \\$6250-04/(3/r$aالطبعة الأولى.
=880  \1$6264-05/(3/r$aالقنيطرة :$bالمطبعة السريعة،$c2013.
=994  \\$aC0$bTEF

