=LDR  01974nam a2200409 i 4500
=001  ocm04123230
=003  NNU
=005  20150921104020.0
=008  150921s2010\\\\iq\a\\\\\b\\\\001\0\ara\d
=040  \\$aNNU$beng$erda$cTEF
=066  \\$c(3
=035  \\$a(OCoLC)921845066
=050  \4$aDS59.A75$bH333 2010
=049  \\$aZYUU
=100  1\$6880-01$aḤaddād, Buṭrus,$eauthor.
=245  10$6880-02$aWathāʼiq tārīkhīyah Kaldānīyah /$ctaḥqīq wa-nashr al-Ab D. Buṭrus Ḥaddād.
=250  \\$6880-03$aal-Ṭabʻah al-ūlá.
=264  \1$aBaghdād :$bB. Ḥaddād,$c2010.
=300  \\$a176 pages :$billustrations ;$c24 cm
=336  \\$atext$btxt$2rdacontent
=337  \\$aunmediated$bn$2rdamedia
=338  \\$avolume$bnc$2rdacarrier
=490  1\$6880-04$aDīwān Awqāf al-Masīḥīyīn wa-al-Diyānāt al-Ukhrá ;$v20
=490  1\$6880-05$aArshīf al-Baṭrīrkītah al-Kaldānīyah ;$v2
=504  \\$aIncludes bibliographical references and index.
=650  \0$aChaldean Catholics$xHistory.
=830  \0$6880-06$aDīwān Awqāf al-Masīḥīyīn wa-al-Diyānāt al-Ukhrá (series) ;$v20.
=830  \0$6880-07$aArshīf al-Baṭrīrkītah al-Kaldānīyah (series) ;$v2.
=852  0\$aNNU$bBOBST$cMAIN$hDS59.A75$iH333 2010$p31142056345427
=880  1\$6100-01/(3/r$aحدّاد، بطرس،$eauthor.
=880  10$6245-02/(3/r$aوثائق تاريخية كلدانية /$cتحقيق ونشر الاب د. بطرس حداد.
=880  \\$6250-03/(3/r$aالطبعة الأولى.
=880  1\$6490-04/(3/r$aديوان أوقاف المسيحيين والديانات الاخرى ؛$v20
=880  1\$6490-05/(3/r$aأرشيف البطريركيتة الكلدانية ؛$v2
=880  \0$6830-06/(3/r$aديوان أوقاف المسيحيين والديانات الاخرى (سلسلة) ؛$v20.
=880  \0$6830-07/(3/r$aأرشيف البطريركيتة الكلدانية (سلسلة) ؛$v2.
=994  \\$aC0$bTEF

