=LDR  01522cam a2200445 i 4500
=001  ocm04117009
=003  NNU
=005  20150921011023.0
=008  110413t20142014mr\\\\\\\\\\\\000\f\ara\c
=010  \\$a  2014336505
=040  \\$aHLS$beng$erda$cHLS$dN15$dOCLCO$dDLC$dOCLCF$dUIU$dOSU
=066  \\$c(3
=020  \\$a9789981258938
=020  \\$a9981258938
=029  1\$aAU@$b000054009701
=035  \\$a(OCoLC)878726166
=037  \\$c65.00 MAD
=042  \\$apcc
=043  \\$af-mr---
=050  \4$aPJ7920.A77$bK43 2014
=049  \\$aZYUU
=100  1\$6880-01$aDarqāwī, Ḥanān,$eauthor.
=245  13$6880-02$aal-Khaṣr wa-al-waṭan :$briwāyah /$cḤanān al-Darqāwī.
=264  \1$6880-03$aal-Dār al-Bayḍāʼ :$bAfrīqiyā al-Sharq,$c[2014]
=264  \4$c©2014
=300  \\$a197 pages ;$c22 cm
=336  \\$atext$btxt$2rdacontent
=337  \\$aunmediated$bn$2rdamedia
=338  \\$avolume$bnc$2rdacarrier
=500  \\$aNovel.
=650  \0$aArabic fiction$zMorocco$y21st century.
=650  \7$aArabic fiction.$2fast$0(OCoLC)fst00812274
=651  \7$aMorocco.$2fast$0(OCoLC)fst01205592
=648  \7$a2000 - 2099$2fast
=752  \\$aMorocco$dCasablanca.
=852  0\$aNNU$bBOBST$cMAIN$hPJ7920.A77$iK43 2014$p31142056345096
=880  1\$6100-01/(3/r$aدرقاوي، حنان،.
=880  12$6245-02/(3/r$aالخصر والوطن :$bرواية /$cحنان الدرقاوي.
=880  \1$6264-03/(3/r$aالدار البيضاء :$bأفريقيا الشرق،$c[2014]
=994  \\$aC0$bTEF

