=LDR  01004cam a2200277 i 4500
=001  ocm03978392
=003  NNU
=005  20150921090038.0
=008  150721s2013\\\\ua\\\\\\\\\\\\000\0\ara\d
=040  \\$aLEILA$beng$cLEILA$dOCLCQ$dTEF
=066  \\$c(3
=035  \\$a(OCoLC)915150647
=050  \4$aBP161.3$b.D573 2013
=049  \\$aZYUU
=245  00$6880-01$aDirāsāt Islāmīyah.
=260  \\$6880-02$aal-Quds :$bal-Liqāʼ lil-Dirāsāt al-Dīnīyah wa-al-Turāthīyah fī al-Arḍ al-Muqaddasah,$c2013.
=300  \\$a199 pages ;$c24 cm
=336  \\$atext$btxt$2rdacontent
=337  \\$aunmediated$bn$2rdamedia
=338  \\$avolume$bnc$2rdacarrier
=650  \0$aIslam.
=852  0\$aNNU$bBOBST$cMAIN$hBP161.3$i.D573 2013$p31142056434536
=880  00$6245-01/(3/r$aدراسات إسلامية.
=880  \\$6260-02/(3/r$aالقدس :$bاللقاء للدراسات الدينية والتراثية في الأرض المقدسة،$c2013.
=938  \\$aLeila Books$bLEIL$n72700
=994  \\$aC0$bTEF

