=LDR  01744cam a2200397 i 4500
=001  ocm03978458
=003  NNU
=005  20150921092217.0
=008  150702s2013\\\\wj\\\\\\\b\\\\000\0\ara\d
=040  \\$aCUY$beng$erda$cCUY$dOCLCO$dOCLCA
=066  \\$c(3
=035  \\$a(OCoLC)912934595
=043  \\$aawba---$aawgz---
=050  \4$aJQ1830.A95$bA357 2013
=049  \\$aZYUU
=100  1\$6880-01$aIdʻīs, Maʻan,$eauthor.
=245  13$6880-02$aal-Intikhābāt al-maḥallīyah fī ʻām 2012 /$ciʻdād al-Muḥāmī Maʻn Shaḥdah Adʻīs.
=264  \1$6880-03$aRām Allāh :$bal-Hayʼah al-Mustaqillah li-Ḥuqūq al-Insān, Dīwān al-Maẓālim,$c2013.
=300  \\$a128 pages ;$c24 cm.
=336  \\$atext$btxt$2rdacontent
=337  \\$aunmediated$bn$2rdamedia
=338  \\$avolume$bnc$2rdacarrier
=490  0\$6880-04$aSilsilat Taqārīr khāṣṣah ;$v79
=504  \\$aIncludes bibliographical references.
=650  \0$aElections$zWest Bank.
=650  \0$aElections$zGaza Strip.
=651  \0$aWest Bank$xPolitics and government.
=651  \0$aGaza Strip$xPolitics and government.
=830  \0$6880-05$aSilsilat Taqārīr khāṣṣah ;$v79.
=852  0\$aNNU$bBOBST$cMAIN$hJQ1830.A95$iA357 2013$p31142056402632
=880  1\$6100-01/(3/r$aادعيس، معن،$eمؤلف.
=880  12$6245-02/(3/r$aالإنتخابات المحلية في عام 2012 /$cإعداد المحامي معن شحدة ادعيس.
=880  \1$6264-03/(3/r$aرام الله :$bالهيئه المستقلة لحقوق الإنسان، ديوان المظالم،$c2013.
=880  0\$6490-04/(3/r$aسلسلة تقارير خاصة ؛$v79
=880  \0$6830-05/(3/r$aسلسلة تقارير خاصة ؛$v79.
=994  \\$aC0$bTEF

