=LDR  01491cam a2200385 i 4500
=001  ocm04117150
=003  NNU
=005  20150629123823.6
=008  110413s2013\\\\mr\a\\\\\\\\\\000\p\ara\c
=010  \\$a  2014336495
=040  \\$aHLS$beng$erda$cHLS$dOCLCO$dDLC$dOSU
=066  \\$c(3
=020  \\$a9789981291171
=020  \\$a998129117X
=037  \\$c22.00 MAD
=042  \\$apcc
=050  \4$aPJ7814.W45819$bH39 2013
=049  \\$aZYUU
=100  1\$6880-01$aʻAwfī, Bū Jumʻah,$eauthor.
=245  10$6880-02$aHawāmish li-dhākirat al-ʻayn :$bkitāb fannī /$cBū Jumʻah ʻAwfī.
=264  \1$6880-03$a[Rabat] :$bIttiḥād Kuttāb al-Maghrib,$c[2013]
=300  \\$a102 pages :$billustrations ;$c24 cm.
=336  \\$atext$btxt$2rdacontent
=337  \\$aunmediated$bn$2rdamedia
=338  \\$avolume$bnc$2rdacarrier
=490  1\$6880-04$aManshūrāt Ittiḥād Kuttāb al-Maghrib
=500  \\$aPoems.
=752  \\$aMorocco$dRabat.
=830  \0$6880-05$aManshūrāt Ittiḥād Kuttāb al-Maghrib.
=852  0\$aNNU$bBOBST$cMAIN$hPJ7814.W45819$iH39 2013$p31142056344842
=880  1\$6100-01/(3/r$aعوفي، بو جمعة.
=880  10$6245-02/(3/r$aهوامش لذاكرة العين :$bكتاب فني /$cبو جمعة عوفي.
=880  \1$6264-03/(3/r$a[Rabat] :$bإتحاد كتاب المغرب،$c[2013]
=880  1\$6490-04/(3/r$aمنشورات اتحاد كتاب المغرب
=880  \0$6830-05/(3/r$aمنشورات اتحاد كتاب المغرب.

