=LDR  01761cam a2200421 i 4500
=001  ocm04117113
=003  NNU
=005  20150714141549.9
=008  150111s2014\\\\mr\\\\\\\b\\\\000\0\ara\\
=010  \\$a  2014336870
=040  \\$aDLC$beng$erda$cDLC$dCUY
=066  \\$c(3
=020  \\$a9789954514153
=020  \\$a9954514155
=037  \\$c34.00 MAD
=042  \\$apcc$alcode
=043  \\$af-mr---
=050  \4$aPJ8291$b.A283 2014
=049  \\$aZYUU
=100  1\$6880-01$aAbū al-ʻUlā, Muḥammad,$eauthor.
=245  13$6880-02$aal-Masraḥ al-Maghribī :$bsuʼāl al-tanẓīr wa-asʼilat al-munjaz /$cD. Muḥammad Abū al-ʻUlā.
=250  \\$6880-03$aal-Ṭabʻah al-ūlá.
=264  \1$6880-04$a[Rabat] :$bal-Markaz al-Duwalī li-Dirāsāt al-Furjah,$c2014.
=300  \\$a103 pages ;$c21 cm.
=336  \\$atext$2rdacontent
=337  \\$aunmediated$2rdamedia
=338  \\$avolume$2rdacarrier
=490  0\$6880-05$aManshūrāt al-Markaz al-Duwalī li-Dirāsāt al-Furjah ;$vsilsilah raqm 24
=504  \\$aIncludes bibliographical references.
=520  \\$aTheater; Morocco; history.
=650  \0$aArabic drama$zMorocco$xHistory and criticism.
=650  \0$aTheater$zMorocco.
=852  0\$aNNU$bBOBST$cMAIN$hPJ8291$i.A283 2014$p31142056344859
=880  1\$6100-01/(3/r$aأبو العلا، محمد.
=880  12$6245-02/(3/r$aالمسرح المغربي :$bسؤال التنظير وأسئلة المنجز /$cد. محمد أبو العلا.
=880  \\$6250-03/(3/r$aالطبعة الأولى.
=880  \1$6264-04/(3/r$a[الرباط] :$bالمركز الدولي لدراسات الفرجة،$c2014.
=880  0\$6490-05/(3/r$aمنشورات المركز الدولي لدراسات الفرجة ؛$vسلسلة رقم 24

