=LDR  01917cam a2200517 i 4500
=001  ocm04116966
=003  NNU
=005  20150921122241.0
=008  140531s2014\\\\mr\\\\\\\b\\\\000\0\ara\\
=010  \\$a  2014336811
=040  \\$aDLC$beng$erda$cDLC$dOSU$dOCLCF$dZCU
=066  \\$c(3
=020  \\$a9789954511657
=020  \\$a9954511652
=035  \\$a(OCoLC)900560686
=037  \\$c46.00 MAD
=042  \\$apcc$alcode
=043  \\$af-mr---
=050  \4$aPN3000.M8$bO99 2014
=049  \\$aZYUU
=100  1\$6880-01$aOuzri, Abdelwahed,$eauthor.
=245  10$6880-02$aTajribat al-masraḥ /$cʻAbd al-Wāḥid ʻŪzrī
=250  \\$6880-03$aal-Ṭabʻah al-ūlá.
=264  \1$6880-04$aal-Dār al-Bayḍāʼ :$bDār Tūbqāl lil-Nashr,$c2014.
=300  \\$a124 pages ;$c23 cm
=336  \\$atext$btxt$2rdacontent
=337  \\$aunmediated$bn$2rdamedia
=338  \\$avolume$bnc$2rdacarrier
=490  1\$6880-05$aSilsilat al-maʻrifah al-adabīyah
=504  \\$aIncludes bibliographical references.
=650  \0$aTheater$zMorocco$xHistory.
=650  \7$aTheater.$2fast$0(OCoLC)fst01149217
=651  \7$aMorocco.$2fast$0(OCoLC)fst01205592
=655  \7$aHistory.$2fast$0(OCoLC)fst01411628
=830  \0$6880-06$aMaʻrifah al-adabīyah.
=852  0\$aNNU$bBOBST$cMAIN$hPN3000.M8$iO99 2014$p31142056344974
=880  1\$6100-01/(3/r$aعوزري، عبد الواحد.
=880  10$6245-02/(3/r$aتجربة المسرح /$cعبد الواحد عوزري.
=880  \\$6250-03/(3/r$aالطبعة الأولى.
=880  \1$6264-04/(3/r$aالدار البيضاء :$bدار توبقال للنشر،$c2014.
=880  1\$6490-05/(3/r$aسلسلة المعرفة الأدبية
=880  \7$6650-00/(3/r$aالمسرح$2qrmak
=880  \7$6651-00/(3/r$aالمغرب$2qrmak
=880  \7$6655-00/(3/r$aتاريخ$2qrmak
=880  \0$6830-06/(3/r$aمعرفة الأدبية.
=994  \\$aC0$bTEF

