=LDR  01257cam a2200373 i 4500
=001  ocm04117064
=003  NNU
=005  20150921025332.0
=008  110413s2014\\\\mr\\\\\\\\\\\\000\f\ara\d
=010  \\$a  2014336911
=040  \\$aHLS$beng$erda$cHLS$dDLC$dUIU$dTEF
=066  \\$c(4$c(3
=020  \\$a9789954561768
=020  \\$a9954561765
=035  \\$a(OCoLC)871804529
=037  \\$c38.00 MAD
=050  \4$aPJ7826.A73$bG4 2014
=049  \\$aZYUU
=100  1\$6880-01$aGarām, Zuhūr,$eauthor.
=245  10$6880-02$aGhaythah taqṭifu al-qamar :$briwāyah /$cZuhūr Karām.
=250  \\$6880-03$aal-Ṭabʻah al-ūlá.
=264  \1$6880-04$aal-Rabāṭ :$bDār al-Amān,$c2014.
=300  \\$a126 pages ;$c22 cm
=336  \\$atext$btxt$2rdacontent
=337  \\$aunmediated$bn$2rdamedia
=338  \\$avolume$bnc$2rdacarrier
=500  \\$aNovel.
=752  \\$aMorocco$dRabat.
=852  0\$aNNU$bBOBST$cMAIN$hPJ7826.A73$iG4 2014$p31142056344800
=880  1\$6100-01/(4/r$aگرام، زهور،$eauthor.
=880  10$6245-02/(3/r$aغيثة تقطف القمر :$bرواية /$cزهور كرام.
=880  \\$6250-03/(3/r$aالطبعة الأولى.
=880  \1$6264-04/(3/r$aالرباط :$bدار الأمان،$c2014.
=994  \\$aC0$bN/A

