=LDR  01799cam a2200385 i 4500
=001  ocm04117111
=003  NNU
=005  20150610142850.2
=008  880516s2014\\\\mr\\\\\\\b\\\\000\0\ara\d
=040  \\$aHLS$beng$erda$cHLS$dOCLCO$dOSU
=066  \\$c(3
=020  \\$a9789954616253
=020  \\$a995461625X
=043  \\$af-mr---
=050  \4$aPN3000.M8$bH362 2014
=049  \\$aZYUU
=100  1\$6880-01$aḤamdāwī, Jamīl,$eauthor.
=245  13$6880-02$aal-Masraḥ al-Amāzīghī al-Maghribī bayna al-nashʼah wa-al-taṭawwur :$bmaʻa al-tarkīz ʻalá al-ḥarakah al-masraḥīyah fī minṭaqat al-Rīf /$cal-Duktūr Jamīl Ḥamdāwī.
=264  \1$6880-03$aal-Rabāṭ :$bManshūrāt al-Maʻārif,$c2014.
=300  \\$a228 pages ;$c21 cm.
=336  \\$atext$btxt$2rdacontent
=337  \\$aunmediated$bn$2rdamedia
=338  \\$avolume$bnc$2rdacarrier
=490  1\$6880-04$aSilsilat al-Maʻārif al-adabīyah
=504  \\$aIncludes bibliographical references (unnumbered page 223-page 226).
=650  \0$aTheater, Tamazight$zMorocco$zNador.
=650  \0$aTheater, Tamazight$zMorocco$zHoceima.
=752  \\$aMorocco$dRabat.
=830  \0$6880-05$aSilsilat al-Maʻārif al-adabīyah.
=852  0\$aNNU$bBOBST$cMAIN$hPN3000.M8$iH362 2014$p31142056345054
=880  1\$6100-01/(3/r$aحمداوي، جميل.
=880  12$6245-02/(3/r$aالمسرح الامازيغي المغربي بين النشأة والتطور :$bمع التركيز على الحركة المسرحية في منطقة الريف /$cالدكتور جميل حمداوي.
=880  \1$6264-03/(3/r$aالرباط :$bمنشورات المعارف،$c2014.
=880  1\$6490-04/(3/r$aسلسلة المعارف الأدبية
=880  \0$6830-05/(3/r$aسلسلة المعارف الأدبية.

