=LDR  01285cam a2200337 i 4500
=001  ocm04123247
=003  NNU
=005  20150921012626.0
=008  140523s2013\\\\iq\\\\\\\\\\\\000\1\ara\\
=010  \\$a  2014337623
=040  \\$aDLC$beng$erda$cDLC$dCLU$dTEF
=066  \\$c(3
=035  \\$a(OCoLC)905419196
=042  \\$alcode
=050  \4$aPJ7966.B393$bF39 2013
=049  \\$aZYUU
=100  1\$6880-01$aʻUbaydī, Nīrān ʻAbd al-Razzāq.
=245  10$6880-02$aFayrūz al-aḥdab :$bmajmūʻah qiṣaṣīyah /$cNīrān ʻAbd al-Razzāq al-ʻUbaydī.
=250  \\$6880-03$aal-Ṭabʻah al-ūlá.
=264  \1$6880-04$aBaghdād :$bDār Mīzūbūtāmiyā,$c2013.
=300  \\$a103 pages ;$c21 cm
=336  \\$atext$btxt$2rdacontent
=337  \\$aunmediated$bn$2rdamedia
=338  \\$avolume$bnc$2rdacarrier
=500  \\$aShort stories.
=852  0\$aNNU$bBOBST$cMAIN$hPJ7966.B393$iF39 2013$p31142056345682
=880  1\$6100-01/(3/r$aعبيدي، نيران عبد الرزاق.
=880  10$6245-02/(3/r$aفيروز الاحدب :$bمجموعة قصصية /$cنيران عبد الرزاق العبيدي.
=880  \\$6250-03/(3/r$aالطبعة الأولى.
=880  \1$6264-04/(3/r$aبغداد :$bدار ميزوبوتاميا،$c2013.
=994  \\$aC0$bTEF

