=LDR  01194cam a2200361 i 4500
=001  ocm04117031
=003  NNU
=005  20150921123356.0
=008  880516s2014\\\\mr\\\\\\\\\\\\000\f\ara\c
=010  \\$a  2014336903
=040  \\$aHLS$beng$erda$cHLS$dDLC$dYUS$dOSU
=066  \\$c(3
=020  \\$a9789954616352
=020  \\$a9954616357
=035  \\$a(OCoLC)871804527
=037  \\$a35.00 MAD
=042  \\$apcc
=050  \4$aPJ7928.N83$bZ875 2014
=049  \\$aZYUU
=100  1\$6880-01$aḤanṣālī, Jamāl,$d1977-$eauthor.
=245  10$6880-02$aZurīd :$briwāyah /$cDh. Jamāl al-Ḥanṣālī.
=264  \1$6880-03$aal-Rabāṭ :$bDār Nashr al-Maʻrifah,$c2014.
=300  \\$a135 pages ;$c21 cm
=336  \\$atext$btxt$2rdacontent
=337  \\$aunmediated$bn$2rdamedia
=338  \\$avolume$bnc$2rdacarrier
=500  \\$aNovel.
=752  \\$aMorocco$dRabat.
=852  0\$aNNU$bBOBST$cMAIN$hPJ7928.N83$iZ875 2014$p31142056345104
=880  1\$6100-01/(3/r$aحنصالي، جمال،$d1977-
=880  10$6245-02/(3/r$aزريد :$bرواية /$cذ. جمال الحنصالي.
=880  \1$6264-03/(3/r$aالرباط :$bدار نشر المعرفة،$c2014.
=994  \\$aC0$bTEF

