=LDR  01398nam a2200373 i 4500
=001  ocm04116939
=003  NNU
=005  20150921123702.0
=008  150403s2014\\\\mr\\\\\\\\\\\\000\p\ara\d
=040  \\$aOSU$beng$erda$cOSU
=066  \\$c(3
=020  \\$a9789954625057
=020  \\$a9954625054
=035  \\$a(OCoLC)906182083
=050  \4$aPJ7816$b.A6675 2014
=049  \\$aZYUU
=100  1\$6880-01$aBarakāt, Aḥmad,$eauthor.
=240  10$aPoems
=245  13$6880-02$aal-Aʻmāl al-shiʻrīyah al-kāmilah /$cAḥmad Barakāt.
=264  \1$6880-03$a[Rabat?] :$bManshūrāt Wizārat al-Thaqāfah,$c[2014]
=300  \\$a214 pages ;$c22 cm.
=336  \\$atext$btxt$2rdacontent
=337  \\$aunmediated$bn$2rdamedia
=338  \\$avolume$bnc$2rdacarrier
=490  1\$6880-04$aSilsilat al-aʻmāl al-kāmilah
=500  \\$aPoems.
=830  \0$6880-05$aSilsilat al-aʻmāl al-kāmilah (Rabat, Morocco)
=852  0\$aNNU$bBOBST$cMAIN$hPJ7816$i.A6675 2014$p31142056344834
=880  1\$6100-01/(3/r$aبركات، أحمد،.
=880  12$6245-02/(3/r$aالأعمال الشعرية الكاملة /$cأحمد بركات.
=880  \1$6264-03/(3/r$a[Rabat?] :$bمنشورات وزارة الثقافة،$c[2014]
=880  1\$6490-04/(3/r$aسلسلة الأعمال الكاملة
=880  \0$6830-05/(3/r$aسلسلة الأعمال الكاملة (Rabat, Morocco)
=994  \\$aC0$bTEF

