=LDR  01557nam a2200397 i 4500
=001  ocm04116964
=003  NNU
=005  20150921122439.0
=008  150618s2013\\\\mr\a\\\\\b\\\\000\0\ara\d
=040  \\$aOSU$beng$erda$cOSU
=066  \\$c(3
=020  \\$a9789954318515
=020  \\$a9954318518
=035  \\$a(OCoLC)911182356
=041  0\$aara$aber$hber
=043  \\$af-mr---
=050  \4$aPJ2395.T376$bM57 2013
=049  \\$aZYUU
=100  1\$6880-01$aMistāwī, Muḥammad,$eauthor.
=245  10$6880-02$aTāmāzīrit n- ʼiḍraḍār bilād al-ṣumm :$b35 ḥikāyah Amāzīghīyah /$cMuḥammad Mistāwī.
=250  \\$6880-03$aal-Ṭabʻah al-ūlá.
=264  \1$6880-04$a[Rabat] :$bManshūrāt Tāwsinā,$c2013.
=300  \\$a168 pages :$billustrations ;$c21 cm.
=336  \\$atext$btxt$2rdacontent
=337  \\$aunmediated$bn$2rdamedia
=338  \\$avolume$bnc$2rdacarrier
=546  \\$aText in Arabic and Tamazight.
=504  \\$aIncludes bibliographical references (unnumbered page 163).
=650  \0$aShort stories$vTranslations into Tamazight$zMorocco.
=650  \0$aTamazight language$zMorocco$vTexts.
=852  0\$aNNU$bBOBST$cMAIN$hPJ2395.T376$iM57 2013$p31142056345237
=880  1\$6100-01/(3/r$aمستاوي، محمد.
=880  10$6245-02/(3/r$aتامازيرت ن- ئضرضار بلاد الصم :$b35 حكاية أمازيغية /$cمحمد مستاوي.
=880  \\$6250-03/(3/r$aالطبعة الأولى.
=880  \1$6264-04/(3/r$a[Rabat] :$bمنشورات تاوسنا،$c2013.
=994  \\$aC0$bTEF

