=LDR  02733cam a2200505 i 4500
=001  ocm04117143
=003  NNU
=005  20150921100917.0
=008  150608s2013\\\\mr\a\\\\\b\\\\000\0\ara\c
=040  \\$aOSU$beng$erda$cOSU$dOCLCO
=066  \\$c(3
=020  \\$a9789981592605
=020  \\$a9981592609
=035  \\$a(OCoLC)910849117
=042  \\$apcc
=050  \4$aPJ7505.5.M54$bZ77 2013
=049  \\$aZYUU
=245  00$6880-01$aNaẓarīyat al-shiʻr :$bqirāʼāt fī kitāb "Mafāhīm muwassaʻah li-naẓarīyah shiʻrīyah" lil-Ustādh Muḥammad Miftāḥ /$ctansīq Aḥmad Bū Ḥasan, Muḥammad al-Wahābī al-ʻAlamī.
=250  \\$6880-02$aal-Ṭabʻah al-ūlá.
=264  \1$6880-03$aal-Rabāṭ :$bKullīyat al-Ādāb wa-al-ʻUlūm al-Insānīyah,$c2013.
=300  \\$a223 pages :$billustrations ;$c24 cm.
=336  \\$atext$btxt$2rdacontent
=337  \\$aunmediated$bn$2rdamedia
=338  \\$avolume$bnc$2rdacarrier
=490  1\$6880-04$aSilsilat Kurrāsāt al-kullīyah,$x1113-0377 ;$vraqm 4
=504  \\$aIncludes bibliographical references.
=600  10$6880-05$aMiftāḥ, Muḥammad$xCriticism and interpretation.
=600  10$6880-06$aMiftāḥ, Muḥammad.$tMafāhīm muwassaʻah li-naẓarīyah shiʻrīyah.
=650  \0$aPoetics.
=650  \0$aArabic poetry$xHistory and criticism.
=650  \0$aArabic language$xRhythm.
=700  1\$6880-07$aBū Ḥasan, Aḥmad,$eeditor of compilation.
=700  1\$6880-08$aʻAlamī, Muḥammad al-Wahhābī,$eeditor of compilation.
=830  \0$6880-09$aManshūrāt Kullīyat al-Ādāb wa-al-ʻUlūm al-Insānīyah bi-al-Rabāṭ.$pSilsilat Kurrāsāt al-kullīyah ;$vraqm 4.
=852  0\$aNNU$bBOBST$cMAIN$hPJ7505.5.M54$iZ77 2013$p31142056344891
=880  00$6245-01/(3/r$aنظرية الشعر :$bقراءات في كتاب "مفاهيم موسعة لنظرية شعرية" للأستاذ محمد مفتاح /$cتنسيق أحمد بوحسن، محمد الوهابي العلمي.
=880  \\$6250-02/(3/r$aالطبعة الأولى.
=880  \1$6264-03/(3/r$aالرباط :$bكلية الآداب والعلوم الإنسانية،$c2013.
=880  1\$6490-04/(3/r$aسلسلة الكراسات الكلية،$x1113-0377 ؛$vرقم 4
=880  10$6600-05/(3/r$aمفتاح، محمد.
=880  14$6600-06/(3/r$aمفتاح، محمد.$tمفاهيم موسعة لنظرية شعرية.
=880  1\$6700-07/(3/r$aبو حسن، أحمد.
=880  1\$6700-08/(3/r$aعلمي، محمد الوهابي.
=880  \0$6830-09/(3/r$aمنشورات كلية الآداب والعلوم الإنسانية بالرباط.$pسلسلة كراسات الكلية ؛$vرقم 4.
=994  \\$aC0$bTEF

