=LDR  02575cam a2200385 i 4500
=001  ocm04004554
=003  NNU
=005  20150921025333.0
=008  150616s2011\\\\iq\a\\\\\b\\\\000\0\arard
=040  \\$aUUM$beng$erda$cUUM$dOCLCO$dTEF
=066  \\$c(3
=035  \\$a(OCoLC)911057397
=043  \\$aa-iq---
=050  \4$aDS79.769$b.H59 2010
=049  \\$aZYUU
=110  2\$6880-01$aḤizb al-Shuyūʻī al-ʻIrāqī.$bFaʻʻālīyah al-Fikrīyah al-Markazīyah$n(3rd :$d2010)
=245  10$6880-02$aMawād al-Faʻʻālīyah al-Fikrīyah al-Markazīyah al-thālithah :$bal-tashkīlah al-iqtiṣādīyah-al-ijtimāʻīyah fī al-ʻIrāq (2003-2010) : al-ittijāhāt al-fiʻlīyah-- al-maʻālim al-asāsīyah-- al-rihānāt wa-al-āfāq /$cal-Lajnah al-Markazīyah lil-Ḥizb al-Shuyūʻī al-ʻIrāqī, Lajnat al-ʻAmal al-Fikrī al-Markazīyah.
=246  3\$6880-03$aTashkīlah al-iqtiṣādīyah-al-ijtimāʻīyah fī al-ʻIrāq (2003-2010) ...
=264  \1$6880-04$a[Baghdad] :$bal-Ḥizb al-Shuyūʻī al-ʻIrāqī,$c2011.
=300  \\$a504 pages :$billustrations ;$c24 cm.
=336  \\$atext$btxt$2rdacontent
=337  \\$aunmediated$bn$2rdamedia
=338  \\$avolume$bnc$2rdacarrier
=504  \\$aIncludes bibliographical references.
=651  \0$aIraq$xEconomic conditions$y21st century$vCongresses.
=651  \0$aIraq$xSocial conditions$y21st century$vCongresses.
=651  \0$aIraq$xPolitics and government$y2003-$vCongresses.
=710  2\$6880-05$aḤizb al-Shuyūʻī al-ʻIrāqī.$bLajnat al-ʻAmal al-Fikrī al-Markazīyah.
=852  0\$aNNU$bBOBST$cMAIN$hDS79.769$i.H59 2010$p31142056394581
=880  2\$6110-01/(3/r$aحزب الشيوعي العراقي.$bالفعالية الفكرية المركزية$n(لثالثة :$d2010)
=880  10$6245-02/(3/r$aمواد الفعالية الفكرية المركزية الثالثة :$bالتشكيلة الاقتصادية-الاجتماعية في العراق (2003-2010) : الاتجاهات الفعلية-- المعالم الاساسية-- الرهانات والآفاق /$cاللجنة المركزية للحزب الشيوعي العراقي، لجنة العمل الفكري المركزية.
=880  3\$6246-03/(3/r$aتشكيلة الاقتصاديةالاجتماعية في العراق (2003-2010) ...
=880  \1$6264-04/(3/r$a[بغداد] :$bالحزب الشيوعي العراقي،$c2011.
=880  2\$6710-05/(3/r$aحزب الشيوعي العراقي.$bلجنة العمل الفكري المركزية.
=994  \\$aC0$bN/A

