=LDR  01633cam a2200457 i 4500
=001  ocm04117091
=003  NNU
=005  20150921124742.0
=008  110413s2014\\\\mr\\\\\\\\\\\\000\f\ara\c
=010  \\$a  2014336919
=040  \\$aHLS$beng$erda$cHLS$dDLC$dOSU
=066  \\$c(3
=020  \\$a9789954511602
=020  \\$a9954511601
=035  \\$a(OCoLC)878726160
=037  \\$c98.00 MAD
=042  \\$apcc
=050  \4$aPJ7946.A32$bL39 2014
=049  \\$aZYUU
=100  1\$6880-01$aMadadī, Ḥasan,$eauthor.
=245  10$6880-02$aLayālin bi-lā judrān :$briwāyah /$cḤasan al-Madadī.
=246  3\$6880-03$aLayāl bi-lā judrān
=250  \\$6880-04$aal-Ṭabʻah al-ūlá.
=264  \1$6880-05$aal-Dār al-Bayḍāʼ :$bDār Tūbqāl lil-Nashr,$c2014.
=300  \\$a285 pages ;$c23 cm.
=336  \\$atext$btxt$2rdacontent
=337  \\$aunmediated$bn$2rdamedia
=338  \\$avolume$bnc$2rdacarrier
=490  1\$6880-06$aNuṣūṣ adabīyah
=500  \\$aNovel.
=752  \\$aMorocco$dCasablanca.
=830  \0$6880-07$aSilsilat nuṣūṣ adabīyah.
=852  0\$aNNU$bBOBST$cMAIN$hPJ7946.A32$iL39 2014$p31142056345294
=880  1\$6100-01/(3/r$aمددي، حسن.
=880  10$6245-02/(3/r$aليال بلا جدران :$bرواية /$cحسن المددي.
=880  3\$6246-03/(3/r$aليال بلا جدران
=880  \\$6250-04/(3/r$aالطبعة الأولى.
=880  \1$6264-05/(3/r$aالدار البيضاء :$bدار توبقال للنشر،$c2014.
=880  1\$6490-06/(3/r$aنصوص أدبية
=880  \0$6830-07/(3/r$aسلسلة نصوص أدبية.
=994  \\$aC0$bTEF

