=LDR  01327cam a2200337 i 4500
=001  ocm04003827
=003  NNU
=005  20150921105236.0
=008  150617s2010\\\\iq\a\\\\\\\\\\000\0\ara\d
=040  \\$aPUL$erda$cPUL$dPUL$dOCLCO
=066  \\$c(3$c(4
=035  \\$a(OCoLC)911138027
=043  \\$aa-iq---
=050  \4$aDS79.66.T34$bA3 2010
=049  \\$aZYUU
=100  1\$6880-01$aṬālibānī, Chālāk,$eauthor.
=245  10$6880-02$aMudhakkirāt ḍābiṭ raghman ʻanhu... /$cChālāk al-Ṭālibānī.
=264  \1$6880-03$a[al-Sulaymānīyah?] :$bKitībkhānah Gashtīyahʹkān,$c2010.
=300  \\$a332 pages :$billustrations ;$c25 cm
=336  \\$atext$btxt$2rdacontent
=337  \\$aunmediated$bn$2rdamedia
=338  \\$avolume$bnc$2rdacarrier
=600  10$6880-04$aṬālibānī, Chālāk.
=610  10$aIraq.$bJaysh$xOfficers$vBiography.
=650  \0$aKurds$zIraq$vBiography.
=852  0\$aNNU$bBOBST$cMAIN$hDS79.66.T34$iA3 2010$p31142056394698
=880  1\$6100-01/(3/r$aطالباني، چالاك،$eauthor.
=880  10$6245-02/(3/r$aمذكرات ضابط رغما عنه... /$cچالاك الطالباني.
=880  \1$6264-03/(3/r$a[السليمانية] :$bكتيبخانه گشتيه‌كان،$c2010.
=880  14$6600-04/(3/r$aطالباني، چالاك.
=994  \\$aC0$bTEF

