=LDR  02234cam a2200361 i 4500
=001  ocm03999641
=003  NNU
=005  20150921025333.0
=008  150105s2011\\\\iq\a\\\\\b\\\\000\0\ara\\
=010  \\$a  2013339768
=040  \\$aDLC$beng$erda$cDLC
=066  \\$c(3
=035  \\$a(OCoLC)910422945
=042  \\$apcc$alcode
=043  \\$aa-iq---
=050  \4$aDS69.3$b.R38 2011
=049  \\$aZYUU
=100  1\$6880-01$aRaʼūf, ʻImād ʻAbd al-Salām,$eauthor.
=245  10$6880-02$aShawāhid al-maqbarah al-sulṭānīyah fī al-ʻImādīyah :$bdirāsah tārīkhīyah atharīyah /$ctaʼlīf al-Duktūr ʻImād ʻAbd al-Salām Raʼūf, ustādh al-tārīkh al-ḥadīth, Kullīyat al-Ādāb, Jāmiʻat Ṣalāḥ al-Dīn, ʻuḍw Lajnat al-Wathāʼiq wa-al-Makhṭūṭāt fī al-Akādīmīyah, al-duktūrah Nirmīn ʻAlī Muḥammad Amīn, duktūrāh fī al-āthār wa-al-tārīkh, Kullīyat al-Ādāb, Jāmiʻat Ṣalāḥ al-Dīn.
=264  \1$6880-03$aIrbīl :$bal-Akādīmīyah al-Kurdīyah,$c2011.
=300  \\$a143 pages :$billustrations (chiefly color) ;$c24 cm
=336  \\$atext$btxt$2rdacontent
=337  \\$aunmediated$bn$2rdamedia
=338  \\$avolume$bnc$2rdacarrier
=504  \\$aIncludes bibliographical references (pages 133-143).
=651  \0$aIraq$xAntiquities.
=651  \0$aKurdistan$xAntiquities.
=852  0\$aNNU$bBOBST$cMAIN$hDS69.3$i.R38 2011$p31142056392940
=852  0\$aNNU$bNABUD$cMAIN$hDS69.3$i.R38 2011$p31122058655072
=880  1\$6100-01/(3/r$aرؤوف، عماد عبد السلام.
=880  10$6245-02/(3/r$aشواهد المقبرة السلطانية في العمادية :$bدراسة تاريخية أثرية /$cتأليف الدكتور عماد عبد السلام رؤوف، أستاذ التاريخ الحديث، كلية الآداب، جامعة صلاح الدين، عضو لجنة الوثائق والمخطوطات في الأكاديمية، الدكتورة نرمين علي محمد أمين، دكتوراه في الآثار والتاريخ، كلية الآداب، جامعة صلاح الدين.
=880  \1$6264-03/(3/r$aإربيل :$bالأكاديمية الكردية،$c2011.
=994  \\$aC0$bN/A

