=LDR  01551cam a2200421 i 4500
=001  ocm04117151
=003  NNU
=005  20150921010807.0
=008  110414s2014\\\\mr\\\\\\\\\\\\000\p\ara\c
=040  \\$aHLS$beng$erda$cHLS$dOSU$dTEF
=066  \\$c(3
=020  \\$a9789954320334
=020  \\$a9954320334
=035  \\$a(OCoLC)882196202
=042  \\$apcc
=050  \4$aPJ7916.A3315$bH93 2014
=049  \\$aZYUU
=100  1\$6880-01$aBādīs, Laḥsan,$eauthor.
=245  10$6880-02$aHwāyash lamʻānī :$bdīwān zajal /$cLaḥsan Bādīs.
=246  3\$6880-03$aHawāyash lamʻānī
=246  14$6880-04$aHawāyash lamʻānī :$bqaṣāʼid zajalīyah
=250  \\$6880-05$aal-Ṭabʻah al-ūlá.
=264  \1$6880-06$aal-Qunayṭirah :$bal-Maṭbaʻah al-Sarīʻah,$c2014.
=300  \\$a100 pages ;$c21 cm
=336  \\$atext$btxt$2rdacontent
=337  \\$aunmediated$bn$2rdamedia
=338  \\$avolume$bnc$2rdacarrier
=500  \\$aPoems.
=546  \\$aIn Moroccan Arabic.
=752  \\$aMorocco$dKenitra.
=852  0\$aNNU$bBOBST$cMAIN$hPJ7916.A3315$iH93 2014$p31142056345138
=880  1\$6100-01/(3/r$aباديس، لحسن.
=880  10$6245-02/(3/r$aهْوايشْ لمْعاني :$bديوان زجل /$cلحسن باديس.
=880  3\$6246-03/(3/r$aهوايش لمعاني
=880  14$6246-04/(3/r$aهوايش لمعاني :$bقصائد زجلية
=880  \\$6250-05/(3/r$aالطبعة الأولى.
=880  \1$6264-06/(3/r$aالقنيطرة :$bالمطبعة السريعة،$c2014.
=994  \\$aC0$bTEF

