=LDR  01852cam a2200385 a 4500
=001  ocm03975847
=003  NNU
=005  20150921025333.0
=008  121211s2012\\\\wj\\\\\\\b\\\\000\0\arard
=040  \\$aUUM$cUUM$dOCLCO$dOCLCF
=066  \\$c(3
=035  \\$a(OCoLC)820818984
=043  \\$aa-is---
=050  \4$aDS113.6$b.Q15 2012
=049  \\$aZYUU
=100  1\$6880-01$aQalqīlī, ʻAbd al-Fattāḥ,$d1936-
=245  13$6880-02$aal-Huwīyah al-waṭanīyah al-Filasṭīnīyah :$bkhuṣūṣīyat al-tashakkul wa-al-iṭār al-nāẓim /$cʻAbd al-Fattāḥ al-Qalqīlī wa-Aḥmad  Abū Ghūsh.
=260  \\$6880-03$aBayt Laḥm :$bMarkaz Badīl,$c2012.
=300  \\$a56 p. ;$c24 cm.
=490  1\$6880-04$aWaraqat ʻamal,$x1728-1660 ;$vraqm 13
=504  \\$aIncludes bibliographical references.
=650  \0$aNational characteristics, Palestinian.
=650  \0$aIdentity (Psychology)$zPalestine.
=650  \7$aIdentity (Psychology)$2fast$0(OCoLC)fst00966892
=650  \7$aNational characteristics, Palestinian.$2fast$0(OCoLC)fst01033487
=651  \7$aMiddle East$zPalestine.$2fast$0(OCoLC)fst01207534
=700  1\$6880-05$aAbū Ghūsh, Aḥmad Ḥasan.
=830  \0$aWorking paper (Badil Resource Center for Palestinian Residency & Refugee Rights) ;$vraqm 13.
=852  0\$aNNU$bBOBST$cMAIN$hDS113.6$i.Q15 2012$p31142056402160
=880  1\$6100-01/(3/r$aقلقيلي، عبد الفتاح،$d1936-
=880  12$6245-02/(3/r$aالهوية الوطنية الفلسطينية :$bخصوصية التشكل والاطار الناظم /$cعبد الفتاح القلقيلي واحمد  ابو غوش.
=880  \\$6260-03/(3/r$aبيت لحم :$bمركز بديل،$c2012.
=880  1\$6490-04/(3/r$aورقة عمل،$x17281660 ؛$vرقم 13
=880  1\$6700-05/(3/r$aابو غوش، احمد حسن.
=994  \\$aC0$bN/A

