=LDR  01264cam a2200337 i 4500
=001  ocm04117063
=003  NNU
=005  20150623092904.0
=008  110414s2013\\\\mr\\\\\\\\\\\\000\d\ara\c
=040  \\$aHLS$beng$erda$cHLS$dOSU
=066  \\$c(3
=020  \\$a9789954324363
=020  \\$a9954324364
=042  \\$apcc
=050  \4$aPJ7916.I527$bU98 2013
=049  \\$aZYUU
=100  1\$6880-01$aBin-Haddār, ʻAbd al-Ilāh,$eauthor.
=245  10$6880-02$aʻUyūṭ al-Shāwīyah :$bmasraḥīyah /$cʻAbd al-Ilāh Bin-Haddār.
=250  \\$6880-03$aal-Ṭabʻah al-ūlá.
=264  \1$6880-04$aal-Rabāṭ :$bDār Abī Raqrāq lil-Ṭibāʻah wa-al-Nashr,$c2013.
=300  \\$a105 pages ;$c21 cm
=336  \\$atext$btxt$2rdacontent
=337  \\$aunmediated$bn$2rdamedia
=338  \\$avolume$bnc$2rdacarrier
=500  \\$aPlay.
=752  \\$aMorocco$dRabat.
=852  0\$aNNU$bBOBST$cMAIN$hPJ7916.I527$iU98 2013$p31142056345179
=880  1\$6100-01/(3/r$aبنهدار، عبد الإله.
=880  10$6245-02/(3/r$aعيوط الشاوية :$bمسرحية /$cعبد الإله بنهدار.
=880  \\$6250-03/(3/r$aالطبعة الأولى.
=880  \1$6264-04/(3/r$aالرباط :$bدار أبي رقراق للطباعة والنشر،$c2013.

