=LDR  02256cam a2200469 i 4500
=001  ocm04003689
=003  NNU
=005  20150921085043.0
=008  150103s2011\\\\iq\\\\\\\b\\\\000\0\ara\\
=010  \\$a  2013339628
=040  \\$aDLC$beng$erda$cDLC$dCLU
=066  \\$c(3$cSyrc
=035  \\$a(OCoLC)911134782
=041  0\$asyr$aara
=042  \\$apcc$alcode
=043  \\$aa-iq---
=050  \4$aPJ5493.A7$bH328 2011
=049  \\$aZYUU
=100  1\$6880-01$aḤaddād, Binyāmīn.
=245  10$6880-02$aKanz al-afʻāl fī lahjat al-Qawsh al-Siryānīyah :$bdirāsah lahjawīyah muqāranah = Gazā d-Meltā b-Leʻzā ʼAsúryāyā d-ʼAlqoš : Drāšā Leʻznāyā Mpaḥmā  /$cBinyāmīn Ḥaddād.
=246  31$6880-03$aGazā d-Meltā b-Leʻzā ʼAsúryāyā d-ʼAlqoš :$bDrāšā Leʻznāyā Mpaḥmā.
=250  \\$6880-04$aal-Ṭabʻah al-ūlá.
=264  \1$6880-05$aDahūk :$bDār al-Mashriq al-Thaqāfīyah,$c2011.
=300  \\$a2 volumes ;$c24 cm
=336  \\$atext$btxt$2rdacontent
=337  \\$aunmediated$bn$2rdamedia
=338  \\$avolume$bnc$2rdacarrier
=546  \\$aIn Syriac and Arabic.
=504  \\$aIncludes bibliographical references (volume 2, pages 269-271).
=520  \\$aAlqūsh (Iraq) dialects; verbs.
=650  \0$aSyriac language$vDictionaries$xArabic.
=650  \0$aSyriac language$xVerb$vDictionaries$xArabic.
=650  \0$aSyriac language, Modern$xDialects$zIraq$zAlqūsh.
=651  \0$aAlqūsh (Iraq)$xLanguages.
=852  0\$aNNU$bBOBST$cMAIN$hPJ5493.A7$iH328 2011$3v.2$p31142056394474
=852  0\$aNNU$bBOBST$cMAIN$hPJ5493.A7$iH328 2011$3v.1$p31142056394771
=880  1\$6100-01/(3/r$aحداد، بنيامين.
=880  10$6245-02/(3/r$aكنز الافعال في لهجة القوش السريانية :$bدراسة لهجوية مقارنة =  ܓܙܐ ܕܡܠܬܐ ܒܠܥܙܐ ܐܣܘܪܝܝܐ ܕܐܠܩܘܫ : ܕܪܫܐ ܠܥܙܢܝܐ ܡܦܚܡܐ   /$cبنيامين حداد.
=880  31$6246-03/Syrc$aܓܙܐ ܕܡܠܬܐ ܒܠܥܙܐ ܐܣܘܪܝܝܐ ܕܐܠܩܘܫ :$bܕܪܫܐ ܠܥܙܢܝܐ ܡܦܚܡܐ.
=880  \\$6250-04/(3/r$aالطبعة الأولى.
=880  \1$6264-05/(3/r$aدهوك :$bدار المشرق الثقافية،$c2011.
=994  \\$aC0$bTEF

