=LDR  01972cam a2200493 i 4500
=001  ocm03931584
=003  NNU
=005  20150921022958.0
=008  130831s2012\\\\iq\\\\\\\\\\\\000\0aara\\
=010  \\$a  2013320280
=040  \\$aDLC$beng$erda$cDLC$dOCLCF$dTEF
=066  \\$c(3
=035  \\$a(OCoLC)905220215
=042  \\$alcode$apcc
=043  \\$aa-iq---$ama-----
=050  \4$aDS79.66.H3525$bA3 2012
=049  \\$aZYUU
=100  1\$6880-01$aḤājj, ʻAzīz.
=245  10$6880-02$aRiḥlah maʻa taḥawwulāt mifṣalīyah :$bawrāq fī masīratī al-fikrīyah wa-al-sīyāsīyah.. /$cʻAzīz al-Ḥājj.
=250  \\$6880-03$aal-Ṭabʻah al-ūlá.
=264  \1$6880-04$aBaghdād :$bDār Mīzūbūtāmyā,$c2012.
=300  \\$a168 pages ;$c24 cm
=336  \\$atext$2rdacontent
=337  \\$aunmediated$2rdamedia
=338  \\$avolume$2rdacarrier
=600  10$6880-05$aḤājj, ʻAzīz.
=650  \0$aPoliticians$zIraq$vBiography.
=651  \0$aIraq$xHistory$y1958-
=651  \0$aArab countries$xPolitics and government$y1945-
=600  17$aḤājj, ʻAzīz.$2fast$0(OCoLC)fst00153696
=650  \7$aPoliticians.$2fast$0(OCoLC)fst01069915
=650  \7$aPolitics and government.$2fast$0(OCoLC)fst01919741
=651  \7$aArab countries.$2fast$0(OCoLC)fst01240128
=651  \7$aIraq.$2fast$0(OCoLC)fst01205757
=648  \7$aSince 1945$2fast
=655  \7$aBiography.$2fast$0(OCoLC)fst01423686
=655  \7$aHistory.$2fast$0(OCoLC)fst01411628
=852  0\$aNNU$bBOBST$cMAIN$hDS79.66.H3525$iA3 2012$p31142056334470
=880  1\$6100-01/(3/r$aحاج، عزيز.
=880  10$6245-02/(3/r$aرحلة مع تحولات مفصلية :$bاوراق في مسيرتي الفكرية والسياسية.. /$cعزيز الحاج.
=880  \\$6250-03/(3/r$aالطبعة الأولى.
=880  \1$6264-04/(3/r$aبغداد :$bدار ميزوبوتاميا،$c2012.
=880  14$6600-05/(3/r$aحاج، عزيز.
=994  \\$aC0$bTEF

