=LDR  02040cam a2200445 i 4500
=001  ocm04117030
=003  NNU
=005  20150709114101.9
=008  150110s2013\\\\mr\\\\\\\\\\\\000\0\ara\\
=010  \\$a  2014336840
=040  \\$aDLC$beng$erda$cDLC$dOSU$dOCLCO$dOSU
=066  \\$c(3
=020  \\$a9789954616215
=020  \\$a9954616217
=037  \\$c49.00 MAD
=042  \\$apcc$alcode
=050  \4$aPJ7572.H57$bH36 2014
=049  \\$aZYUU
=100  1\$6880-01$aḤamdāwī, Jamīl,$eauthor.
=245  13$6880-02$aal-Riwāyah al-tārīkhīyah :$bashkāl al-riwāyah al-tārīkhīyah fī al-adab al-ʻArabī al-ḥadīth wa-al-muʻāṣir /$cal-Duktūr Jamīl Ḥamdāwī.
=264  \1$6880-03$aal-Rabāṭ :$bManshūrāt al-Maʻārif,$c2014.
=300  \\$a186 pages ;$c20 cm.
=336  \\$atext$btxt$2rdacontent
=337  \\$aunmediated$bn$2rdamedia
=338  \\$avolume$bnc$2rdacarrier
=490  1\$6880-04$aSilsilat al-Maʻārif al-adabīyah
=650  \0$aHistorical fiction, Arabic$y20th century$xHistory and criticism.
=650  \0$aArabic fiction$y20th century$xHistory and criticism.
=830  \0$6880-05$aSilsilat al-Maʻārif al-adabīyah.
=852  0\$aNNU$bBOBST$cMAIN$hPJ7572.H57$iH36 2014$p31142056344743
=880  1\$6100-01/(3/r$a.حمداوي، جميل
=880  12$6245-02/(3/r$aالرواية التاريخية :$bاشكال الرواية التاريخية في الأدب العربي الحديث والمعاصر /$cالدكتور جميل حمداوي.
=880  \1$6264-03/(3/r$aالرباط :$bمنشورات المعارف،$c2014.
=880  1\$6490-04/(3/r$aسلسلة المعارف الأدبية
=880  \7$6650-00/(3/r$aالقصص التاريخية$2qrmak
=880  \7$6650-00/(3/r$aالقصص العربية$2qrmak
=880  \7$6650-00/(3/r$aالادب العربى$2qrmak
=880  \7$6650-00/(3/r$aتاريخ و نقد$2qrmak
=880  \7$6648-00/(3/r$aالعصر الحديث$2qrmak
=880  \0$6830-05/(3/r$aسلسلة المعارف الأدبية.

