=LDR  01542cam a2200409 i 4500
=001  ocm04117117
=003  NNU
=005  20150918031122.0
=008  150127s2014\\\\mr\\\\\\\\\\\\000\j\ara\\
=010  \\$a  2014336842
=040  \\$aDLC$beng$erda$cDLC$dOSU
=066  \\$c(3
=020  \\$a9789954331149
=020  \\$a995433114X
=035  \\$a(OCoLC)900957247
=037  \\$c25.00 MAD
=042  \\$alcode$apcc
=050  \4$aPJ7902.B339$bM37 2014
=049  \\$aZYUU
=100  1\$6880-01$aʻAbbāsī, ʻAbd al-Karīm,$d1965-$eauthor.
=245  13$6880-02$aal-Maṣyadah /$ctaʼlīf ʻAbd al-Karīm ʻAbbāsī ; taqdīm al-Duktūr Najīb al-ʻAwfī.
=250  \\$6880-03$aal-Ṭabʻah al-ūlá.
=264  \1$a[Rabat?] :$b[publisher not identified],$c[2014]
=264  \3$6880-04$aRabat :$bMaṭābiʻ al-Rabāṭ Nit
=300  \\$a96 pages ;$c21 cm
=336  \\$atext$btxt$2rdacontent
=337  \\$aunmediated$bn$2rdamedia
=338  \\$avolume$bnc$2rdacarrier
=500  \\$aShort stories.
=700  1\$6880-05$aʻAwfī, Najīb,$ewriter of introduction.
=852  0\$aNNU$bBOBST$cMAIN$hPJ7902.B339$iM37 2014$p31142056344735
=880  1\$6100-01/(3/r$aعباسي، عبد الكريم،$d1965-
=880  12$6245-02/(3/r$aالمصيدة /$cتأليف عبد الكريم عباسي ؛ تقديم الدكتور نجيب العوفي.
=880  \\$6250-03/(3/r$aالطبعة الأولى.
=880  \3$6264-04/(3/r$aRabat :$bمطابع الرباط نت
=880  1\$6700-05/(3/r$aعوفي، نجيب.
=994  \\$aC0$bTEF

