=LDR  01375cam a2200361 i 4500
=001  ocm03931612
=003  NNU
=005  20150918110344.0
=008  130830s2012\\\\iq\\\\\\\b\\\\000\0\ara\\
=010  \\$a  2013320276
=040  \\$aDLC$beng$erda$cDLC$dTEF
=066  \\$c(3
=035  \\$a(OCoLC)890127580
=042  \\$alcode$apcc
=050  \4$aDS247.A135$bB393 2012
=049  \\$aZYUU
=100  1\$6880-01$aBayātī, Riyāḍ,$d1944-
=245  10$6880-02$aṢirāʻāt wa-ḥurūb duwal al-Ūbik al-Khalījīyah /$cRiyāḍ al-Bayātī.
=250  \\$6880-03$aal-Ṭabʻah al-ūlá.
=264  \1$6880-04$a[Ḥillah, Iraq] :$bDār al-Furāt,$c2012.
=300  \\$a399 pages ;$c24 cm
=336  \\$atext$2rdacontent
=337  \\$aunmediated$2rdamedia
=338  \\$avolume$2rdacarrier
=504  \\$aIncludes bibliographical references (pages 395-397).
=610  20$aOrganization of Petroleum Exporting Countries.
=651  \0$aPersian Gulf States$xPolitics and government.
=852  0\$aNNU$bBOBST$cMAIN$hDS247.A135$iB393 2012$p31142056334884
=880  1\$6100-01/(3/r$aبياتي، رياض.
=880  10$6245-02/(3/r$aصراعات وحروب دول الأوبك الخليجية /$cرياض البياتي.
=880  \\$6250-03/(3/r$aالطبعة الأولى.
=880  \1$6264-04/(3/r$a[Ḥillah, Iraq] :$bدار الفرات،$c2012.
=994  \\$aC0$bTEF

