=LDR  01721cam a2200421 i 4500
=001  ocm03931562
=003  NNU
=005  20150918090941.0
=008  150327s2012\\\\iq\a\\\\\\\\\\000\0\ara\\
=040  \\$aUUM$beng$erda$cUUM$dOCLCF
=066  \\$c(3
=035  \\$a(OCoLC)905714470
=043  \\$aa-iq---
=050  \4$aHC415.4$b.H34 2012
=049  \\$aZYUU
=100  1\$6880-01$aḤāfiẓ, Mahdī.
=245  13$6880-02$aal-Ān wa-al-ghad :$bmuʼāljāt ʻIrāqīyah fī al-siyāsah wa-al-iqtiṣād /$cMahdī al-Ḥāfiẓ.
=250  \\$6880-03$aal-Ṭabʻah al-ūlá.
=264  \1$6880-04$aBaghdād :$bDār Mīzūbūtāmiyā,$c2012.
=300  \\$a384 pages ;$c24 cm.
=336  \\$atext$btxt$2rdacontent
=337  \\$aunmediated$bn$2rdamedia
=338  \\$avolume$bnc$2rdacarrier
=500  \\$aArticles previously published in Iraqi periodicals.
=651  \0$aIraq$xEconomic conditions$y21st century.
=651  \0$aIraq$xPolitics and government$y21st century.
=651  \0$aIraq$xSocial conditions$y21st century.
=650  \7$aEconomic history.$2fast$0(OCoLC)fst00901974
=650  \7$aPolitics and government.$2fast$0(OCoLC)fst01919741
=650  \7$aSocial conditions.$2fast$0(OCoLC)fst01919811
=651  \7$aIraq.$2fast$0(OCoLC)fst01205757
=648  \7$a2000 - 2099$2fast
=852  0\$aNNU$bBOBST$cMAIN$hHC415.4$i.H34 2012$p31142056334645
=880  1\$6100-01/(3/r$aحافظ، مهدي.
=880  12$6245-02/(3/r$aالآن والغد :$bمؤالجات عاراقية في السياسة والاقتصاد /$cمهدي الحافظ.
=880  \\$6250-03/(3/r$aالطبعة الاولى.
=880  \1$6264-04/(3/r$aبغداد :$bدار ميزوبوتاميا،$c2012.
=994  \\$aC0$bTEF

