=LDR  02478nam a2200529 i 4500
=001  ocm04117038
=003  NNU
=005  20150918090532.0
=008  150505s2014\\\\mr\a\\\\\b\\\\000\0\ara\d
=040  \\$aOSU$beng$erda$cOSU
=066  \\$c(3
=035  \\$a(OCoLC)908391998
=043  \\$af-mr---
=050  \4$aPN1993.5.M67$bS56 2014
=049  \\$aZYUU
=245  03$6880-01$aal-Sīnimā al-Maghribīyah /$ciʻdād Muḥammad Shuwīkah ; al-musāhimūn fī al-ʻadad ʻAbd al-Raḥmān Ṭankūl [and 39 others].
=246  18$6880-02$aĀfāq :$bMajallat Ittiḥād Kuttāb al-Maghrib
=246  30$6880-03$aMajallat Ittiḥād Kuttāb al-Maghrib
=264  \1$6880-04$aal-Rabāṭ :$bIttiḥād Kuttāb al-Maghrib ,$c2014.
=300  \\$a255 pages :$billustrations (some color) ;$c27 cm.
=336  \\$atext$btxt$2rdacontent
=337  \\$aunmediated$bn$2rdamedia
=338  \\$avolume$bnc$2rdacarrier
=490  1\$6880-05$aĀfāq ;$val-ʻadad 85, 86
=500  \\$aCover title.
=500  \\$6880-06$a"Yanāyīr 2014 Janvier"--Cover.
=504  \\$aIncludes bibliographical references.
=650  \0$aMotion pictures$zMorocco$xHistory.
=650  \0$aMotion picture industry$zMorocco$xHistory.
=700  1\$6880-07$aṬankūl, ʻAbd al-Raḥmān,$econtributor.
=700  1\$6880-08$aAshūwīkah, Muḥammad,$d1971-$eeditor of compilation.
=710  2\$6880-09$aIttiḥād Kuttāb al-Maghrib.
=730  0\$6880-10$aĀfāq (Rabat, Morocco)
=830  \0$6880-11$aĀfāq (Rabat, Morocco) ;$v85, 86.
=852  0\$aNNU$bBOBST$cMAIN$hPN1993.5.M67$iS56 2014$p31142056344438
=880  02$6245-01/(3/r$aالسينما المغربية /$cإعداد محمد شويكة ؛ المساهمون في العدد عبد الرحمن طنكول [and 39 others].
=880  18$6246-02/(3/r$aآفاق :$bمجلة اتحاد كتاب المغرب
=880  30$6246-03/(3/r$aمجلة اتحاد كتاب المغرب
=880  \1$6264-04/(3/r$aالرباط :$bاتحاد كتاب المغرب ،$c2014.
=880  1\$6490-05/(3/r$aآفاق ؛$vالعدد 85، 86
=880  \\$6500-06/(3/r$a"ينايير 2014 Janvier"--Cover.
=880  1\$6700-07/(3/r$aطنكول، عبد الرحمن.
=880  1\$6700-08/(3/r$aاشويكة، محمد،$d1971-
=880  2\$6710-09/(3/r$aاتحاد كتاب المغرب.
=880  0\$6730-10/(3/r$aآفاق (Rabat, Morocco)
=880  \0$6830-11/(3/r$aآفاق (Rabat, Morocco) ؛$v85، 86.
=994  \\$aC0$bTEF

