=LDR  02540nam a2200433 i 4500
=001  ocm03972011
=003  NNU
=005  20150918015244.0
=008  150918s2012\\\\iq\\\\\\\\\\\\000\0\ara\d
=040  \\$aNNU$cTEF
=066  \\$c(3
=035  \\$a(OCoLC)921485617
=050  \4$aKBP633.25.H3$bH353 2012
=049  \\$aZYUU
=100  1\$6880-01$aḤakamī, Ibrāhīm,$d1483-1551,$eauthor.
=245  10$6880-02$aTahdhīb al-aḥādīth fī ʻilm al-mawārīth /$cal-ʻAllāmah Ibrāhīm al-Ḥakamī (888 H-959 H) ; taḥqīq ʻAbd al-Ḥamīd Hāshim al-ʻĪsāwī.
=246  1\$iTitle on page [4] of cover:$aProphet hadith filtrations in inheritances sciences
=250  \\$6880-03$aal-Ṭabʻah al-ūlá.
=260  \\$6880-04$aal-Riyāḍ :$bJumhūrīyat al-ʻIrāq, Dīwān al-Waqt al-Sunnī, Markaz al-Buḥūth wa-al-Dirāsāt al-Islāmīyah,$c2012.
=300  \\$a253 pages ;$c24 cm
=336  \\$atext$btxt$2rdacontent
=337  \\$aunmediated$bn$2rdamedia
=338  \\$avolume$bnc$2rdacarrier
=490  1\$6880-05$aSilsilat al-dirāsāt al-Islāmīyah al-muʻāṣirah ;$v167
=600  10$6880-06$aIbn al-Mutafanninah, Muḥammad ibn ʻAlī,$d1103 or 1104-1181 or 1182.$tBughyat al-bāḥith.
=650  \0$aDecedents' estates (Islamic law)$vEarly works to 1800.
=650  \0$aInheritance and succession (Islamic law)$vEarly works to 1800.
=700  1\$6880-07$aʻĪsāwī, ʻAbd al-Ḥamīd Hāshim,$eeditor.
=830  \0$6880-08$aSilsilat al-dirāsāt al-Islāmīyah al-muʻāṣirah ;$v167.
=852  0\$aNNU$bBOBST$cMAIN$hKBP633.25.H3$iH353 2012$p31142056335824
=880  1\$6100-01/(3/r$aحكمي، ابراهيم،$eauthor.
=880  10$6245-02/(3/r$aتهذيب الاحاديث في علم المواريث /$cالعلامة ابراهيم الحكمي (888 هـ-959 هـ) ؛ تحقيق عبد الحميد هاشم العيساوي.
=880  \\$6250-03/(3/r$aالطبعة الأولى.
=880  \\$6260-04/(3/r$aالرياض :$bجمهورية العراق، ديوان الوقت السني، مركز البحوث والدراسات الاسلامية،$c2012.
=880  1\$6490-05/(3/r$aسلسلة الدراسات الاسلامية المعاصرة ؛$v167
=880  14$6600-06/(3/r$aابن المتفننة، محمد بن علي.$tبغية الباحث.
=880  1\$6700-07/(3/r$aعيساوي، عبد الحميد هاشم،$eeditor.
=880  \0$6830-08/(3/r$aسلسلة الدراسات الاسلامية المعاصرة ؛$v167.
=994  \\$aC0$bTEF

