=LDR  01404nam a2200349 i 4500
=001  ocm04097509
=003  NNU
=005  20150918035237.0
=008  150918s2012\\\\iq\\\\\\\\\\\\000\0\ara\d
=040  \\$aNNU$beng$erda$cTEF
=066  \\$c(3
=035  \\$a(OCoLC)921504641
=050  \4$aDS79.6.W343$bA233 2012
=049  \\$aZYUU
=245  00$6880-01$aʻAbd al-Jabbār Wahbī, Abū Saʻīd :$bmukhtārāt wa-shahādāt /$ctaḥrīr Ibrāhīm al-Ḥarīrī.
=246  30$6880-02$aAbū Saʻīd
=264  \1$6880-03$aBaghdād :$bDār al-Rūwād al-Muzdahirah,$c2012.
=300  \\$a159 pages ;$c21 cm
=336  \\$atext$btxt$2rdacontent
=337  \\$aunmediated$bn$2rdamedia
=338  \\$avolume$bnc$2rdacarrier
=600  10$6880-04$aWahbī, ʻAbd al-Jabbār.
=650  \0$aJournalists$zIraq.
=650  \0$aIntellectuals$zIraq.
=700  1\$6880-05$aḤarīrī, Ibrāhīm,$eeditor.
=852  0\$aNNU$bBOBST$cMAIN$hDS79.6.W343$iA233 2012$p31142056343315
=880  00$6245-01/(3/r$aعبد الجبار وهبي، ابو سعيد :$bمختارات وشهادات /$cتحرير ابراهيم الحريري.
=880  30$6246-02/(3/r$aابو سعيد
=880  \1$6264-03/(3/r$aبغداد :$bدار الرواد المزدهرة،$c2012.
=880  14$6600-04/(3/r$aوهبي، عبد الجبار.
=880  1\$6700-05/(3/r$aحريري، ابراهيم،$eeditor.
=994  \\$aC0$bTEF

