=LDR  02832nam a2200481 i 4500
=001  ocm04116940
=003  NNU
=005  20150918042359.0
=008  150706s2013\\\\mr\\\\\\\b\\\\100\0\ara\d
=040  \\$aOSU$beng$erda$cOSU
=066  \\$c(3
=020  \\$a9789954932537
=020  \\$a9954932534
=035  \\$a(OCoLC)913234017
=043  \\$af-mr---
=050  \4$aBP80.B72$bA45 2013
=049  \\$aZYUU
=245  04$6880-01$aal-ʻAllāmah al-Aḥsan al-Buʻqīlī rajul al-fikr wa-al-iṣlāḥ :$baʻmāl muhdāt lil-marḥūm ʻAbd al-Wāḥid Khayrī bi-munāsabat al-dhikrá al-ūlá li-wafātih /$ctansīq al-asātidhah ʻAbd al-Raḥīm Binḍarāwī [and 4 others].
=250  \\$6880-02$aal-Ṭabʻah al-ūlá.
=264  \1$6880-03$aal-Dār al-Bayḍāʼ :$bKullīyat al-Ādāb wa-al-ʻUlūm al-Insānīyah bi-Namsīk,$c2013.
=300  \\$a310 pages ;$c22 cm
=336  \\$atext$btxt$2rdacontent
=337  \\$aunmediated$bn$2rdamedia
=338  \\$avolume$bnc$2rdacarrier
=500  \\$6880-04$a"Nadwah waṭanīyah nuẓimat bi-Kullīyat al-Ādāb wa-al-ʻUlūm al-Insānīyah bi-Namsīk, al-Dār al-Bayḍāʼ, Yūnyū 2011."
=504  \\$aIncludes bibliographical references.
=600  10$6880-05$aBūʻaqīlī, al-Ḥasan bin Bū Jumʻah,$d-1949$vCongresses.
=650  \0$aMuslim scholars$zMorocco$vCongresses.
=650  \0$aIslamic law$xInterpretation and construction$vCongresses.
=650  \0$aSufism$zMorocco$vCongresses.
=700  1\$6880-06$aBendraoui, Abderrahim.
=700  1\$6880-07$aKhayrī, ʻAbd al-Wāḥid.
=710  2\$6880-08$aJāmiʻat al-Ḥasan al-Thānī.$bKullīyat al-Ādāb wa-al-ʻUlūm al-Insānīyah bi-Namsīk.
=852  0\$aNNU$bBOBST$cMAIN$hBP80.B72$iA45 2013$p31142056344537
=880  02$6245-01/(3/r$aالعلامة الأحسن البعقيلي رجل الفكر والإصلاح :$bأعمال مهداة للمرحوم عبد الواحد خيري بمناسبة الذكرى الأولى لوفاته /$cتنسيق الأساتذة عبد الرحيم بنضراوي [and 4 others].
=880  \\$6250-02/(3/r$aالطبعة الأولى.
=880  \1$6264-03/(3/r$aالدار البيضاء :$bكلية الآداب والعلوم الإنسانية بنمسيك،$c2013.
=880  \\$6500-04/(3/r$a"ندوة وطنية نظمت بكلية الآداب والعلوم الإنسانية بنمسيك، الدار البيضاء، يونيو 2011."
=880  10$6600-05/(3/r$aبوعقيلي، الحسن بن بو جمعة،$d-1949.
=880  1\$6700-06/(3/r$aبنضراوي، عبد الرحيم.
=880  1\$6700-07/(3/r$aخيري، عبد الواحد.
=880  2\$6710-08/(3/r$aجامعة الحسن الثاني.$bكلية الآداب والعلوم الإنسانية بنمسيك.
=994  \\$aC0$bTEF

