=LDR  02202cam a2200421 i 4500
=001  ocm04068763
=003  NNU
=005  20150918012101.0
=008  150608s2007\\\\iq\ae\\\\b\\\\000\0\ara\d
=040  \\$aCLU$beng$erda$cCLU$dCLU$dTEF
=066  \\$c(3
=035  \\$a(OCoLC)910848654
=041  0\$aara$ffre
=050  \4$aBX157.A5$bA757 2007
=049  \\$aZYUU
=100  1\$6880-01$aIsḥāq, Jāk,$eauthor.
=245  10$6880-02$aRutbat al-ʻimādh fī Kanīsat al-Mashriq al-Kaldānīyah - al-Āthūrīyah :$bdirāsah ṭaqsīyah taḥlīlīyah = Le rite du baptême dans la Liturgie Chaldéo - Assyrienne : analyse liturgique /$cal-Muṭrān D. Jāk Isḥāq.
=246  3\$6880-03$aRutbat al-ʻimād fī Kanīsat  al-Mashriq al-Kaldānīyah - al-Āshūrīyah
=246  15$aRite du baptême dans la Liturgie Chaldéo - Assyrienne :$banalyse liturgique
=264  \1$6880-04$aBaghdād :$bDār Najm al-Mashriq,$c2007.
=300  \\$a382, v pages :$billustrations, plans ;$c24 cm.
=336  \\$atext$2rdacontent
=337  \\$aunmediated$2rdamedia
=338  \\$avolume$2rdacarrier
=490  0\$6880-05$aal-Silsilah al-lītūrjīyah ;$v2
=490  0\$6880-06$aManshūrāt Dār Najm al-Mashriq ;$v16
=546  \\$aIn Arabic; table of content also in French.
=504  \\$aIncludes bibliographical references.
=610  20$aAssyrian Church of the East$xLiturgy.
=650  \0$aBaptism (Liturgy)$vTexts.
=852  0\$aNNU$bBOBST$cMAIN$hBX157.A5$iA757 2007$p31142056338562
=880  1\$6100-01/(3/r$aإسحاق، جاك.
=880  10$6245-02/(3/r$aرتبة العماذ في كنيسة  المشرق الكلدانية  الاثورية :$bدراسة طقسية تحليلية =  Le rite du baptême dans la Liturgie Chaldéo - Assyrienne : analyse liturgique /$cالمطران د. جاك اسحاق.
=880  3\$6246-03/(3/r$aرتبة العماد في كنيسة  المشرق الكلدانية - الاشورية
=880  \1$6264-04/(3/r$aبغداد :$bدار نجم المشرق،$c2007.
=880  0\$6490-05/(3/r$aالسلسلة الليتورجية ؛$v2
=880  0\$6490-06/(3/r$aمنشورات دار نجم المشرق ؛$v16
=994  \\$aC0$bTEF

