=LDR  01549nam a2200349 i 4500
=001  ocm04068755
=003  NNU
=005  20150918011452.0
=008  150918s2014\\\\iq\b\\\\\b\\\\000\0\ara\d
=040  \\$aNNU$beng$erda$cTEF
=066  \\$c(3
=035  \\$a(OCoLC)921475876
=050  \4$aDS59.K86$bQ2335 2014
=049  \\$aZYUU
=100  1\$6880-01$aQādir, Kāmil Aswad,$eauthor.
=245  10$6880-02$aDawr al-Kurd al-ḥaḍārī fī Miṣr wa-Bilād al-Shām khilāla ʻaṣr dawlat al-Mamālīk al-Jarākisah, 784-933 H/1382-1517 /$cKāmil Aswad Qādir.
=250  \\$6880-03$aal-Ṭabʻah al-ūlá.
=264  \1$6880-04$aIrbīl :$bManshūrāt al-Akādīmīyah al-Kurdīyah,$c2014.
=300  \\$a245 pages :$bmap ;$c24 cm
=336  \\$atext$btxt$2rdacontent
=337  \\$aunmediated$bn$2rdamedia
=338  \\$avolume$bnc$2rdacarrier
=504  \\$aIncludes bibliographical references (pages 203-226).
=650  \0$aKurds$xHistory.
=651  \0$aMiddle East$xCivilization.
=651  \0$aIslamic Empire.
=852  0\$aNNU$bBOBST$cMAIN$hDS59.K86$iQ2335 2014$p31142056210936
=880  1\$6100-01/(3/r$aقادر، كامل اسود،$eauthor.
=880  10$6245-02/(3/r$aدور الكرد الحضاري في مصر وبلاد الشام خلال عصر دولة المماليك الجراكسة، 784-933 هـ/1382-1517 /$cكامل اسود قادر.
=880  \\$6250-03/(3/r$aالطبعة الأولى.
=880  \1$6264-04/(3/r$aاربيل :$bمنشورات الاكاديمية الكردية،$c2014.
=994  \\$aC0$bTEF

