=LDR  01988nam a2200409 i 4500
=001  ocm04068767
=003  NNU
=005  20150918041909.0
=008  150918s2013\\\\iq\\\\\\\\\\\\000\0dara\d
=040  \\$aNNU$beng$erda$cTEF
=066  \\$c(3
=035  \\$a(OCoLC)921508115
=050  \4$aDS79.6.B88$bH363 2013
=049  \\$aZYUU
=100  1\$6880-01$aḤamdānī, Ṭāriq Nāfiʻ,$eauthor.
=245  10$6880-02$aRafāʼīl Buṭṭị̄ min aʻlām al-fikr wa-al-adab al-ʻIrāqīyīn :$bmunhim wa-al-ʻArab /$cjamʻ wa-iʻdād wa-dirāsat U.D. Ṭāriq Nāfiʻ al-Ḥamdānī, ustādh al-tārīkh al-ḥadīth.
=250  \\$6880-03$aal-Ṭabʻah al-ūlá.
=264  \1$6880-04$aBaghdād :$bWizārat al-Thaqāfah, Dār al-Thaqāfah wa-al-Nashr al-Kurdīyah,$c2013.
=300  \\$a398 pages ;$c21 cm
=336  \\$atext$btxt$2rdacontent
=337  \\$aunmediated$bn$2rdamedia
=338  \\$avolume$bnc$2rdacarrier
=490  1\$6880-05$aTasalsul ;$v99
=600  10$aBuṭṭī, Rafāʼīl,$d1901-1956.
=650  \0$aIntellectuals$zIraq.
=650  \0$aPoliticians$zIraq.
=651  \0$aIraq$xIntellectual life$y20th century.
=651  \0$aIraq$xPolitics and government$y1921-1958.
=830  \0$aDezgay R̄oşinbîrî w Biławkirdnewey Kurdî (Series) ;$v99.
=852  0\$aNNU$bBOBST$cMAIN$hDS79.6.B88$iH363 2013$p31142056338679
=880  1\$6100-01/(3/r$aحمداني، طارق نافع،$eauthor.
=880  10$6245-02/(3/r$aرفائيل بطي من اعلام الفكر والادب العراقيين :$bمنهم والعرب /$cجمع واعداد ودراسة ا.د. طارق نافع الحمداني، استاذ التاريخ الحديث.
=880  \\$6250-03/(3/r$aالطبعة الأولى.
=880  \1$6264-04/(3/r$aبغداد :$bوزارة الثقافة، دار الثقافة والنشر الكردية،$c2013.
=880  1\$6490-05/(3/r$aتسلسل ؛$v99
=880  14$6600-00/(3/r$aبطي، رفائيل.
=994  \\$aC0$bTEF

