=LDR  01465nam a2200313 i 4500
=001  ocm03931564
=003  NNU
=005  20150918125217.0
=008  150918s2012\\\\iq\\\\\\\\\\\\000\0\ara\d
=040  \\$aNNU$beng$erda$cTEF
=066  \\$c(3
=035  \\$a(OCoLC)921471297
=050  \4$aHD1698.I7$bL365 2012
=049  \\$aZYUU
=100  1\$6880-01$aLāmī, ʻAlāʼ,$eauthor.
=245  13$6880-02$aal-Qiyāmah al-ʻIrāqīyah al-āna :$bkay lā takūna bilād al-Rāfidīn bi-lā Rāfidīn : khafāyā wa-asrār al-ʻadnān al-Turkī wa-al-Īrānī ʻalá anhār al-ʻIrāq li-taṣḥīrih /$cʻAlāʼ al-Lāmī.
=264  \1$6880-03$aBaghdād :$bDār al-Ghadd,$c2012.
=300  \\$a370 pages ;$c24 cm
=336  \\$atext$btxt$2rdacontent
=337  \\$aunmediated$bn$2rdamedia
=338  \\$avolume$bnc$2rdacarrier
=650  \0$aWater-supply$zIraq.
=650  \0$aWater-supply$zMiddle East.
=651  \0$aMiddle East$xPolitics and government.
=852  0\$aNNU$bBOBST$cMAIN$hHD1698.I7$iL365 2012$p31142056334447
=880  1\$6100-01/(3/r$aلامي، علاء،$eauthor.
=880  12$6245-02/(3/r$aالقيامة العراقية الآن :$bكي لا تكون بلاد الرافدين بلا رافدين : خفايا واسرار العدنان التركي والايراني على انهار العراق لتصحيره /$cعلاء اللامي.
=880  \1$6264-03/(3/r$aبغداد :$bدار الغد،$c2012.
=994  \\$aC0$bTEF

