=LDR  01744cam a2200445 i 4500
=001  ocm04117012
=003  NNU
=005  20150918104337.0
=008  150624s2014\\\\mr\\\\\\\b\\\\000\0\ara\c
=040  \\$aOSU$beng$erda$cOSU$dOCLCO$dOSU
=066  \\$c(3
=020  \\$a9789954616031
=020  \\$a9954616039
=035  \\$a(OCoLC)911495034
=042  \\$apcc
=043  \\$aa-iq---
=050  \4$aPN2037$b.A23 2014
=049  \\$aZYUU
=100  1\$6880-01$aʻAbd al-Ghanī, ʻAbbās,$eauthor.
=245  10$6880-02$aDirāsat al-masraḥ :$babḥāth wa-nuṣūṣ masraḥīyah muʻāṣirah /$cʻAbbās ʻAbd al-Ghanī.
=264  \1$6880-03$aal-Rabāṭ :$bDār Nashr al-Maʻrifah,$c2014.
=300  \\$a151 pages ;$c24 cm
=336  \\$atext$btxt$2rdacontent
=337  \\$aunmediated$bn$2rdamedia
=338  \\$avolume$bnc$2rdacarrier
=504  \\$aIncludes bibliographical references (unnumbered page 147-page 151).
=650  \0$aTheater$y20th century.
=650  \0$aArabic drama$y20th century$xHistory and criticism.
=650  \0$aArabic drama$zIraq$xHistory and criticism.
=650  \0$aDrama$xTechnique.
=852  0\$aNNU$bBOBST$cMAIN$hPN2037$i.A23 2014$p31142056344669
=880  1\$6100-01/(3/r$aعبد الغني، عباس.
=880  10$6245-02/(3/r$aدراسة المسرح :$bأبحاث ونصوص مسرحية معاصرة /$cعباس عبد الغني.
=880  \1$6264-03/(3/r$aالرباط :$bدار نشر المعرفة،$c2014.
=880  \7$6650-00/(3/r$aالتقنية$2qrmak
=880  \7$6650-00/(3/r$aالمسرح$2qrmak
=880  \7$6650-00/(3/r$aتاريخ و نقد$2qrmak
=880  \7$6651-00/(3/r$aالعراق$2qrmak
=880  \7$6648-00/(3/r$aالعصر الحديث$2qrmak
=994  \\$aC0$bTEF

