=LDR  01844cam a2200397 i 4500
=001  ocm03972001
=003  NNU
=005  20150918042713.0
=008  130727s2012\\\\iq\\\\\\\b\\\\000\0\ara\d
=040  \\$aLEILA$beng$erda$cLEILA$dOCLCQ$dUUM$dOCLCO$dOCLCF$dOCLCQ$dTEF
=066  \\$c(3
=035  \\$a(OCoLC)861003566
=050  \4$aKBP817.5$b.A35 2012
=049  \\$aZYUU
=100  1\$6880-01$aʻAkīdī, ʻĀbid Dhubyān Aḥmad.
=245  10$6880-02$aAthar al-mashaqqah fī al-aḥkām al-sharʻīyah /$ctaʼlīf ʻĀbid Dhubyān Aḥmad al-ʻAkīdī.
=246  1\$iTitle on back cover:$aHardship trace in legitimate provisions
=250  \\$6880-03$aal-Ṭabʻah 1.
=260  \\$6880-04$aBaghdād :$bJumhūrīyat al-ʻIrāq, Dīwān al-Waqf al-Sunnī, Markaz al-Buḥūth wa-al-Dirāsāt al-Islāmīyah,$c2012.
=300  \\$a331 pages ;$c25 cm
=336  \\$atext$btxt$2rdacontent
=337  \\$aunmediated$bn$2rdamedia
=338  \\$avolume$bnc$2rdacarrier
=504  \\$aIncludes bibliographical references (pages 281-321).
=500  \\$aIslamic law; Islam.
=650  \0$aRemission (Islamic law)
=650  \0$aObligations (Islamic law)
=650  \7$aObligations (Islamic law)$2fast$0(OCoLC)fst01042820
=650  \7$aRemission (Islamic law)$2fast$0(OCoLC)fst01743937
=852  0\$aNNU$bBOBST$cMAIN$hKBP817.5$i.A35 2012$p31142055790854
=880  1\$6100-01/(3/r$aعكيدي، عابد ذبيان أحمد.
=880  10$6245-02/(3/r$aأثر المشقة في الأحكام الشرعية /$cعابد ذبيان أحمد العكيدي.
=880  \\$6250-03/(3/r$aالطبعة ١.
=880  \\$6260-04/(3/r$aبغداد :$bجمهورية العراق، ديوان الوقف السني، مركز البحوث والدراسات الإسلامية،$c2012.
=938  \\$aLeila Books$bLEIL$n57487
=994  \\$aC0$bTEF

