=LDR  01943nam a2200409 a 4500
=001  ocm04097516
=003  NNU
=005  20150918030816.0
=008  150918s2012\\\\iq\\\\\\\\\\\\000\0dara\d
=040  \\$aNNU$cTEF
=066  \\$c(3
=035  \\$a(OCoLC)921501255
=050  \4$aBP166$b.H863 2012
=049  \\$aZYUU
=100  1\$6880-01$aḤumaydāwī, Riyāḍ Suḥayb Rūwḍān.,$eauthor.
=245  10$6880-02$aʻIlm al-kalām ʻinda Ṣadr al-Dīn al-Shayrāzī :$bdirāsah fī al-ilāhīyāt /$cD. Riyāḍ Suḥayb Rūḍān al-Ḥumaydāwī.
=250  \\$6880-03$aal-Ṭabʻah al-ūlá.
=264  \1$6880-04$aBaghdād :$bBayt al-Ḥikmah,$c2012.
=300  \\$a560 pages ;$c23 cm
=336  \\$atext$btxt$2rdacontent
=337  \\$aunmediated$bn$2rdamedia
=338  \\$avolume$bnc$2rdacarrier
=490  1\$6880-05$aSilsilat kutub thaqafīyah shahrīyah ;$val-ʻadad 34
=504  \\$aIncludes bibliographical references (p. 523-552).
=600  10$6880-06$aṢadr al-Dīn Shīrāzī, Muḥammad ibn Ibrāhīm,$d-1641.
=650  \0$aIslam$xPhilosophy.
=650  \0$aIslam$xDoctrines.
=830  \0$6880-07$aSilsilat kutub thaqafīyah shahrīyah ;$val-ʻadad 34.
=852  0\$aNNU$bBOBST$cMAIN$hBP166$i.H863 2012$p31142056343190
=880  1\$6100-01/(3/r$aحميداوي، رياض سحيب روضان،$eauthor.
=880  10$6245-02/(3/r$aعلم الكلام عند صدر الدين الشيرازي :$bدراسة في الالهيات /$cد. رياض سحيب روضان الحميداوي.
=880  \\$6250-03/(3/r$aالطبعة الأولى.
=880  \1$6264-04/(3/r$aبغداد :$bبيت الحكمة،$c2012.
=880  1\$6490-05/(3/r$aسلسلة كتب ثقفية شهرية ؛$vالعدد 34
=880  14$6600-06/(3/r$aصدر الدين شيرازي، محمد بن ابراهيم.
=880  \0$6830-07/(3/r$aسلسلة كتب ثقفية شهرية ؛$vالعدد 34.
=994  \\$aC0$bTEF

