=LDR  02014nam a2200397 i 4500
=001  ocm03931581
=003  NNU
=005  20150918103118.0
=008  150918s2010\\\\iq\b\\\\\b\\\\000\0\ara\d
=040  \\$aNNU$beng$erda$cTEF
=066  \\$c(3
=035  \\$a(OCoLC)921421455
=050  \4$aHD1698.I7$bH569 2010
=049  \\$aZYUU
=100  1\$6880-01$aḤimyarī, ʻAbd al-Riḍā,$eauthor.
=245  13$6880-02$aal-ʻAṭash al-marr fī Wādī al-Rāfidīn :$bbayna al-takhrīb wa-al-tanẓīm wa-taʻassuf al-jiwār : dirāsah jughrāfīyah tārīkhīyah qānūnīyah li-ḥālah al-anhār fī al-ʻIrāq /$cʻAbd al-Riḍā ʻAbbūd ʻAbd Allāh al-Ḥimyarī.
=250  \\$6880-03$aal-Ṭabʻah al-ūlá.
=264  \1$6880-04$aal-Ḥillah :$bDār al-Furāt lil-Thaqāfah wa-al-Iʻlām,$c2010.
=300  \\$a531 pages :$bmaps ;$c24 cm
=336  \\$atext$btxt$2rdacontent
=337  \\$aunmediated$bn$2rdamedia
=338  \\$avolume$bnc$2rdacarrier
=490  1\$6880-05$aShuʼūn ʻIrāqīyah ;$v2
=504  \\$aIncludes bibliographical references (pages 525-531).
=650  \0$aWater-supply$zIraq.
=650  \0$aWater use$zIraq.
=650  \0$aRivers$xLaw and legislation$zIraq.
=830  \0$6880-06$aShuʼūn ʻIrāqīyah ;$v2.
=852  0\$aNNU$bBOBST$cMAIN$hHD1698.I7$iH569 2010$p31142056334561
=880  1\$6100-01/(3/r$aحميري، عبد الرضا،$eauthor.
=880  12$6245-02/(3/r$aالعطش المر في وادي الرافدين :$bبين التخريب والتنظيم وتعسف الجوار : دراسة جغرافية تاريخية قانونية لحالة الانهار في العراق /$cعبد الرضا عبود عبد الله الحميري.
=880  \\$6250-03/(3/r$aالطبعة الأولى.
=880  \1$6264-04/(3/r$aالحلة :$bدار الفرات للثقافة والاعلام،$c2010.
=880  1\$6490-05/(3/r$aشؤون عاراقية ؛$v2
=880  \0$6830-06/(3/r$aشؤون عاراقية ؛$v2.
=994  \\$aC0$bTEF

