=LDR  01740cam a2200361 i 4500
=001  ocm04068771
=003  NNU
=005  20150918031656.0
=008  150825s2012\\\\iq\\\\\\\b\\\\000\0\ara\d
=040  \\$aCLU$beng$erda$cCLU$dTEF
=066  \\$c(3
=035  \\$a(OCoLC)919181038
=043  \\$ama-----$an-us---
=050  \4$aDS39.3$b.R59 2012
=049  \\$aZYUU
=245  00$6880-01$aRiyāḥ al-taghyīr fī al-waṭan al-ʻArabī wa-mawāqiʻ al-taʼthīr al-Amrīkī /$ctaʼlīf majmūʻat bāḥithīn ; murājaʻat D. Kawthar ʻAbbās al-Rubayʻī, D. ʻĀmir Hāshim ʻAwwād.
=264  \1$6880-02$aBaghdād :$bBayt al-Ḥikmah,$c2012.
=300  \\$a239 pages ;$c24 cm
=336  \\$atext$2rdacontent
=337  \\$aunmediated$2rdamedia
=338  \\$avolume$2rdacarrier
=504  \\$aIncludes bibliographical references (pages 224-237).
=651  \0$aArab countries$xPolitics and government$y21st century.
=651  \0$aArab countries$xForeign relations$zUnited States$y21st century.
=651  \0$aUnited States$xForeign relations$zArab countries$y21st century.
=700  1\$6880-03$aRubayʻī, Kawthar ʻAbbās,$eeditor.
=700  1\$6880-04$aʻAwwād, ʻĀmir Hāshim,$eeditor.
=852  0\$aNNU$bBOBST$cMAIN$hDS39.3$i.R59 2012$p31142056210951
=880  00$6245-01/(3/r$aرياح التغيير في الوطن العربي ومواقع التأثير الامريكي /$cتأليف مجموعة باحثين ؛ مراجعة د. كوثر عباس الربيعي، د. عامر هاشم عواد.
=880  \1$6264-02/(3/r$aبغداد :$bبيت الحكمة،$c2012.
=880  1\$6700-03/(3/r$aربيعي، كوثر عباس،
=880  1\$6700-04/(3/r$aعواد، عامر هاشم، .
=994  \\$aC0$bTEF

