=LDR  02084cam a2200505 i 4500
=001  ocm04117074
=003  NNU
=005  20150918042040.0
=008  140926s2012\\\\mr\\\\\\\b\\\\000\0\ara\\
=010  \\$a  2013321790
=040  \\$aDLC$beng$erda$cDLC$dOSU$dOCLCF
=066  \\$c(3
=020  \\$a9789954324325
=020  \\$a9954324321
=035  \\$a(OCoLC)891494120
=042  \\$alcode$apcc
=043  \\$af-mr---
=050  \4$aJS7809.3.A3$bS58 2013
=049  \\$aZYUU
=100  1\$6880-01$aShuʻayb, ʻAbd Allāh Āyat,$d1963-$eauthor.
=245  10$6880-02$aFī ḥatmīyat al-iṣlāḥ :$bqirāʼah fī ḥaṣīlat sanah min al-adāʼ al-ḥukūmī /$cʻAbd Allāh Āyat Shuʻayb.
=250  \\$6880-03$aal-Ṭabʻah al-ūlá.
=264  \1$a[Rabat] :$b[publisher not identified],$c2013.
=264  \3$6880-04$aal-Rabāṭ :$bMaṭbaʻat Ṭūb Brīs
=300  \\$a107 pages ;$c21 cm
=336  \\$atext$btxt$2rdacontent
=337  \\$aunmediated$bn$2rdamedia
=338  \\$avolume$bnc$2rdacarrier
=504  \\$aIncludes bibliographical references.
=650  \0$aLocal government$zMorocco.
=650  \0$aDecentralization in government$zMorocco.
=651  \0$aMorocco$xPolitics and government$y21st century.
=650  \0$aPublic administration$zMorocco.
=650  \7$aDecentralization in government.$2fast$0(OCoLC)fst00888948
=650  \7$aLocal government.$2fast$0(OCoLC)fst01001300
=650  \7$aPolitics and government.$2fast$0(OCoLC)fst01919741
=650  \7$aPublic administration.$2fast$0(OCoLC)fst01081976
=651  \7$aMorocco.$2fast$0(OCoLC)fst01205592
=648  \7$a2000 - 2099$2fast
=852  0\$aNNU$bBOBST$cMAIN$hJS7809.3.A3$iS58 2013$p31142056344453
=880  1\$6100-01/(3/r$aشعيب، عبد الله آية،$d1963-
=880  10$6245-02/(3/r$aفي حتمية الإصلاح :$bقراءة في حصيلة سنة من الاداء الحكومي /$cعبد الله آيت شعيب.
=880  \\$6250-03/(3/r$aالطبعة الأولى.
=880  \3$6264-04/(3/r$aالرباط :$bمطبعة طوب بريس
=994  \\$aC0$bTEF

