=LDR  01775cam a2200445 i 4500
=001  ocm04117016
=003  NNU
=005  20150624095219.0
=008  150111s2013\\\\mr\\\\\\\\\\\\000\0\ara\\
=010  \\$a  2014336839
=040  \\$aDLC$beng$erda$cDLC$dOSU
=066  \\$c(3
=020  \\$a9789954326626
=020  \\$a9954326626
=037  \\$c70.00 MAD
=042  \\$apcc$alcode
=050  \4$aB828.3$b.J33 2013
=049  \\$aZYUU
=100  1\$6880-01$aJabbārī, Muṣṭafá,$eauthor.
=245  13$6880-02$aal-Dīn wa-al-falsafah al-ʻadamīyah :$btaʼammulāt fī al-fann wa-al-akhlāq wa-al-ḥaḍārah /$cMuṣṭafá al-Jabbārī.
=250  \\$6880-03$aal-Ṭabʻah al-ūlá.
=264  \1$a[Rabat?] :$b[publisher not identified],$c[2013]
=264  \3$6880-04$aal-Rabāṭ :$bMaṭbaʻat Ṭūb Birīs
=300  \\$a286 pages ;$c21 cm
=336  \\$atext$2rdacontent
=337  \\$aunmediated$2rdamedia
=338  \\$avolume$2rdacarrier
=650  \0$aNihilism (Philosophy)
=650  \0$aPhilosophy and religion.
=650  \0$aNihilism (Philosophy)$xReligious aspects.
=650  \0$aEthics.
=852  0\$aNNU$bBOBST$cMAIN$hB828.3$i.J33 2013$p31142056344529
=880  1\$6100-01/(3/r$aجباري، مصطفى.
=880  12$6245-02/(3/r$aالدين والفلسفة العدمية :$bتأملات في الفن والاخلاق والحضارة /$cمصطفى الجباري.
=880  \\$6250-03/(3/r$aالطبعة الأولى.
=880  \3$6264-04/(3/r$aالرباط :$bمطبعة طوب بريس
=880  \7$6650-00/(3/r$aالأخلاق$2qrmak
=880  \7$6650-00/(3/r$aالفلسفة الغربية$2qrmak
=880  \7$6650-00/(3/r$aالحضارة الغربية$2qrmak
=880  \7$6650-00/(3/r$aالفلسفة الاسلامية$2qrmak

