=LDR  01970cam a2200469 i 4500
=001  ocm04117001
=003  NNU
=005  20150709115751.4
=008  150111s2014\\\\mr\\\\\\\\\\\\000\0\ara\\
=010  \\$a  2014336876
=040  \\$aDLC$beng$erda$cDLC$dOSU
=066  \\$c(3
=020  \\$a9789954514177
=020  \\$a9954514171
=037  \\$c39.00 MAD
=042  \\$apcc$alcode
=043  \\$af-mr---
=050  \4$aPN3000.M8$bM355 2014
=049  \\$aZYUU
=100  1\$6880-01$aManīʻī, Ḥasan,$eauthor.
=245  10$6880-02$aḤarakīyat al-furjah fī al-masraḥ :$bal-wāqiʻ wa-al-taṭalluʻāt /$cal-Duktūr Ḥasan al-Manīʻī.
=250  \\$6880-03$aal-Ṭabʻah al-ūlá.
=264  \1$6880-04$a[Rabat?] :$bal-Markaz al-Duwalī li-Dirāsāt al-Furjah,$c2014.
=300  \\$a103 pages ;$c21 cm
=336  \\$atext$btxt$2rdacontent
=337  \\$aunmediated$bn$2rdamedia
=338  \\$avolume$bnc$2rdacarrier
=490  1\$6880-05$aSilsilat dirāsāt al-Furjah ;$vraqm 26
=650  \0$aTheater$zMorocco$xHistory$y21st century.
=650  \0$aArabic drama$zMorocco$xHistory and criticism.
=830  \0$6880-06$aSilsilat dirāsāt al-Furjah ;$vraqm 26.
=852  0\$aNNU$bBOBST$cMAIN$hPN3000.M8$iM355 2014$p31142056344701
=880  1\$6100-01/(3/r$aمنيعي، حسن.
=880  10$6245-02/(3/r$aحركية الفرجة في المسرح :$bالواقع والتطلعات /$cالدكتور حسن المنيعي.
=880  \\$6250-03/(3/r$aالطبعة الأولى.
=880  \1$6264-04/(3/r$a[Rabat?] :$bالمركز الدولي لدراسات الفرجة،$c2014.
=880  1\$6490-05/(3/r$aسلسلة دراسات الفرجة ؛$vraqm 26
=880  \7$6650-00/(3/r$aتاريخ و نقد$2qrmak
=880  \7$6650-00/(3/r$aالمسرح$2qrmak
=880  \7$6651-00/(3/r$aالمغرب$2qrmak
=880  \7$6648-00/(3/r$aالعصر الحديث$2qrmak
=880  \0$6830-06/(3/r$aسلسلة دراسات الفرجة ؛$vرقم 26.

