=LDR  02350cam a2200457 i 4500
=001  ocm03972045
=003  NNU
=005  20150921022959.0
=008  150106s2011\\\\iq\\\\\\\b\\\\000\0\arard
=040  \\$aUUM$beng$erda$cUUM$dOCLCO$dOCLCF
=066  \\$c(3
=035  \\$a(OCoLC)899245307
=050  \4$aBP171$b.R83 2011
=049  \\$aZYUU
=100  1\$6880-01$aRubayʻī, Fāḍil Karmal Rasan,$d1967-
=245  13$6880-02$aal-Hudun wa-al-muṣālaḥāt allatī ʻaqadahā al-Rasūl ṣalá Allāhu ʻalayhi wa-sallam maʻa Ahl al-Kitāb /$cFāḍil Karmal Rasan al-Rubayʻī.
=246  3\$6880-03$aHudun wa-al-muṣālaḥāt allatī ʻaqadahā al-Rasūl maʻa Ahl al-Kitāb
=246  1\$iTitle on back cover:$aTruces and reconciliations held by the Prophet with other Hollybooks believers
=250  \\$6880-04$aal-Ṭabʻah al-ūlá.
=264  \1$6880-05$aBaghdād :$bDīwān al-Waqf al-Sunnī,$c2011.
=300  \\$a277 pages ;$c25 cm.
=336  \\$atext$btxt$2rdacontent
=337  \\$aunmediated$bn$2rdamedia
=338  \\$avolume$bnc$2rdacarrier
=490  1\$6880-06$aSilsilat al-dirāsāt al-Islāmīyah al-muʻāṣirah ;$v133
=504  \\$aIncludes bibliographical references (p. 251-272).
=650  \0$aIslam$xRelations.
=650  \0$aIslam$xHistory.
=650  \7$aInterfaith relations.$2fast$0(OCoLC)fst01353343
=650  \7$aIslam.$2fast$0(OCoLC)fst00979776
=655  \7$aHistory.$2fast$0(OCoLC)fst01411628
=830  \0$6880-07$aSilsilat al-dirāsāt al-Islāmīyah al-muʻāṣirah ;$v133.
=852  0\$aNNU$bBOBST$cMAIN$hBP171$i.R83 2011$p31142055790813
=880  1\$6100-01/(3/r$aربيعي، فاضل كرمل رسن.
=880  12$6245-02/(3/r$aالهدن والمصالحات التي عقدها الرسول صلى الله عليه وسلم مع اهل الكتاب /$cفاضل كرمل رسن الربيعي.
=880  3\$6246-03/(3/r$aهدن والمصالحات التي عقدها الرسول مع اهل الكتاب
=880  \\$6250-04/(3/r$aالطبعة الاولى.
=880  \1$6264-05/(3/r$aبغداد :$bديوان الوقف السني،$c2011.
=880  1\$6490-06/(3/r$aسلسلة الدراسات الاسلامية المعاصرة ؛$v133
=880  \0$6830-07/(3/r$aسلسلة الدراسات الاسلامية المعاصرة ؛$v133.
=994  \\$aC0$bTEF

