=LDR  01320nam a2200361 i 4500
=001  ocm04117129
=003  NNU
=005  20150918042219.0
=008  150618s2014\\\\mr\\\\\\\b\\\\000\0\ara\d
=040  \\$aOSU$beng$erda$cOSU
=066  \\$c(3
=020  \\$a9789981259447
=020  \\$a9981259446
=035  \\$a(OCoLC)911182909
=050  \4$aBC177$b.H36 2014
=049  \\$aZYUU
=100  1\$6880-01$aḤamdāwī, Jamīl,$eauthor.
=245  10$6880-02$aMin al-ḥijāj ilá al-balāghah al-jadīdah /$cD. Jamīl Ḥamdāwī.
=264  \1$6880-03$aal-Dār al-Bayḍāʼ :$bAfrīqiyā al-Sharq,$c2014.
=300  \\$a107 pages ;$c22 cm
=336  \\$atext$btxt$2rdacontent
=337  \\$aunmediated$bn$2rdamedia
=338  \\$avolume$bnc$2rdacarrier
=504  \\$aIncludes bibliographical references (pages 104-107).
=650  \0$aReasoning.
=650  \0$aQurʼan and reason.
=650  \0$aInterpersonal communication.
=650  \0$aDebates and debating in literature.
=852  0\$aNNU$bBOBST$cMAIN$hBC177$i.H36 2014$p31142056344404
=880  1\$6100-01/(3/r$aحمداوي، جميل.
=880  10$6245-02/(3/r$aمن الحجاج إلى البلاغة الجديدة /$cد. جميل حمداوي.
=880  \1$6264-03/(3/r$aالدار البيضاء :$bأفريقيا الشرق،$c2014.
=994  \\$aC0$bTEF

