=LDR  01880cam a2200421 i 4500
=001  ocm04097515
=003  NNU
=005  20150921020946.0
=008  140523s2013\\\\iq\\\\\\\b\\\\000\0\ara\\
=010  \\$a  2014337471
=040  \\$aDLC$beng$erda$cDLC$dTEF
=066  \\$c(3
=035  \\$a(OCoLC)910720986
=042  \\$apcc$alcode
=050  \4$aB5295$b.S537 2013
=049  \\$aZYUU
=100  1\$6880-01$aSharīf, Zurūkhī.
=245  14$6880-02$aal-ʻAqlānīyah wa-al-tanwīr fī al-fikr al-ʻArabī al-muʻāṣir :$bqirāʼah fī mashrūʻ Nāṣīf Naṣṣār /$cZurūkhī al-Sharīf, al-Rābiṭah al-ʻArabīyah al-Akādīmīyah lil-Falsafah.
=246  3\$aʻAqlānīyah wa-al-tanwīr fī al-fikr al-ʻArabī al-muʻāṣir
=250  \\$6880-03$aal-Ṭabʻah al-ʼūlá.
=264  \1$6880-04$aBaghdād :$bDār wa-Maktabat ʻAdnān,$c2013.
=300  \\$a212 pages ;$c24 cm
=336  \\$atext$btxt$2rdacontent
=337  \\$aunmediated$bn$2rdamedia
=338  \\$avolume$bnc$2rdacarrier
=504  \\$aIncludes bibliographical references (pages 195-204).
=600  10$6880-05$aNaṣṣār, Nāṣīf.
=650  \0$aRationalism.
=650  \0$aEnlightenment.
=650  \0$aPhilosophy, Arab.
=651  \0$aArab countries$xIntellectual life$y20th century.
=852  0\$aNNU$bBOBST$cMAIN$hB5295$i.S537 2013$p31142056343174
=880  1\$6100-01/(3/r$aشريف، زروخي.
=880  12$6245-02/(3/r$aالعقلانية والتنوير في الفكر العربي المعاصر :$bقراءة في مشروع ناصيف نصار /$cزروخي الشريف، الرابطة العربية الاكاديمية للفلسفة.
=880  \\$6250-03/(3/r$aالطبعة الأولى.
=880  \1$6264-04/(3/r$aبغداد :$bدار ومكتبة عدنان،$c2013.
=880  14$6600-05/(3/r$aنصار، ناصيف.
=994  \\$aC0$bTEF

